3120 5144
273 387 326 442 462
400 413 401 417 ι
572 401 574 407 ·
670 388 829 446 sumo
849 380 1009 444 susurro

274 534 357 610 duas,
378 536 408 596 at
428 554 518 596 unam
532 555 584 614 per
604 535 829 611 semiditonum
841 558 909 597 nna
923 539 1021 598 autem
1035 537 1070 597 fit
1083 530 1226 615 apposita.
1246 532 1460 616 Adnotendum

273 633 363 693 etiam
393 633 471 709 quod
503 633 659 710 aliquando
680 635 896 712 superscriptus
917 635 1065 696 tetrardus
1087 635 1119 695 in
1139 654 1210 697 voce
1230 634 1323 696 tertia
1343 633 1459 704 finitur,

272 749 331 808 qne
349 732 420 792 trito
441 732 629 806 adscribitur,
652 733 707 794 etsi
727 733 758 793 in
779 733 948 810 antiphonis
969 736 1097 810 tantum,
1119 728 1168 795 oui
1193 733 1322 811 propriis
1336 731 1461 808 subjun-

272 830 386 909 gendus
406 833 451 892 est
470 832 599 910 psalmus
619 852 672 910 per
692 832 864 910 parvissima
885 833 922 893 ab
937 834 1002 894 aliis
1017 835 1176 912 sejunctus,
1191 834 1276 893 sonat
1290 833 1395 892 autem
1408 829 1459 889 sio.

437 1155 537 1216 Gloria
667 1156 746 1233 patri
807 1161 836 1216 et
897 1157 957 1216 filio
1037 1160 1067 1218 et
1167 1155 1286 1233 spiritui

271 1305 1462 1438 ffl?¹³{3}

436 1484 535 1593 saneto
658 1483 734 1541 sieut
834 1482 926 1541 erat
918 1501 948 1540 ιιι
990 1481 1133 1559 principio
1179 1483 1209 1541 et
1248 1497 1327 1540 nuno
1369 1480 1401 1538 'et

385 1823 500 1881 sempor
579 1806 610 1864 et
650 1803 681 1863 in
722 1805 820 1865 secula
921 1805 1088 1865 seculorum
1202 1819 1297 1863 emen.

274 1953 406 2015 Verbum
426 1974 501 2016 earo.
573 1972 575 1975 ’
883 1956 1132 2031 Laudemdioite.

276 2055 438 2116 Jerusalem
458 2056 563 2134 gaude,
690 2052 694 2060 ’
884 2057 1017 2135 Aeoipite
1038 2057 1183 2135 spiritum.

274 2156 439 2217 Jerusalem
460 2155 578 2234 respice.
886 2157 1038 2228 Quomodo
1060 2158 1118 2219 fiet.

277 2254 421 2315 Ascendo.
448 2309 451 2320 ,
486 2300 488 2304 ,

312 2405 463 2467 Prediotas
478 2409 576 2466 autem
592 2406 765 2485 antiphonas
779 2425 838 2467 non
858 2408 890 2467 in
910 2407 1036 2485 propriis
1055 2400 1225 2468 differentiis
1246 2407 1456 2485 disposuimus,

271 2504 323 2565 sed
343 2505 525 2565 ostendimus
546 2507 631 2584 eujus
650 2505 734 2566 vobis
754 2506 822 2580 sint,
845 2509 874 2566 et
895 2506 1039 2583 quomodo
1060 2526 1161 2566 aarum
1180 2506 1286 2584 psalmi
1301 2509 1332 2567 et
1346 2510 1456 2568 aetera-

270 2621 338 2662 rum
360 2602 588 2681 antiphonarum
603 2604 714 2682 psalmo
729 2604 857 2683 ejusdem
873 2605 953 2664 modi
966 2605 1140 2667 discordent.
1161 2605 1242 2667 Inter
1262 2607 1335 2668 alias
1356 2610 1456 2669 autem

270 2701 444 2779 antiphonas
465 2704 497 2764 in
516 2703 689 2765 differentiis
709 2705 836 2784 propriis
857 2705 1093 2767 subscribuntur.
1204 2732 1205 2735 ¹

354 2942 360 2953 ,
452 2873 581 2936 Ultimus
603 2878 760 2937 autentum
779 2868 927 2938 tetrardus
947 2895 1032 2954 grece
1052 2877 1193 2953 vocatur*

452 2972 580 3051 Oorpore
600 2975 746 3037 detractas
765 2975 796 3036 in
817 2975 902 3052 eujus
923 2975 1042 3036 reddere
1063 2975 1172 3034 formas
1237 2963 1240 2967 ’

451 3071 621 3149 Perplaouit
641 3074 736 3148 certis,
757 3075 954 3151 valeantque
975 3074 1049 3134 ciere
1071 3074 1212 3152 phtongis

448 3170 582 3232 Pullulat
603 3193 638 3232 ex
658 3177 743 3251 proto
764 3163 884 3234 attrito
906 3193 974 3233 nam
995 3175 1049 3234 sub
1070 3193 1157 3251 super
1177 3173 1288 3249 hisque.

667 3500 737 3556 sunt
838 3485 973 3574 spiritus
1105 3497 1172 3555 ante
1273 3499 1393 3556 tronum

266 3638 1457 3770 ΞΞ-*ΞΪῊῚΞΞ

491 4408 592 4469 Gloria
861 4408 1024 4470 seculorum
