3120 5144
292 400 345 454 446
707 440 712 447 -
739 402 851 458 GUIDO
872 403 1031 458 assumo

262 576 265 594 ι
295 546 352 606 Sed
372 547 401 606 iu
425 549 574 608 modorum
599 549 731 608 omnium
753 548 881 626 qualitas
910 550 1066 610 intueatur
1086 552 1116 609 et
1136 551 1232 626 placet
1252 551 1324 610 istas
1346 552 1485 627 sympho-

294 646 358 704 uias
378 647 433 705 sub
454 647 555 706 eadem
575 648 678 723 regula
698 647 869 725 constringi,
890 649 985 725 magis
1006 649 1153 725 pertinent
1172 649 1211 708 ud
1231 649 1414 709 tretrardum
1435 671 1484 710 au·

294 747 410 804 tentum
431 764 519 821 quam
541 746 628 822 plage
648 744 763 806 deuteri
784 746 830 805 vel
851 746 940 822 proti.
962 744 1129 806 Certissima
1158 747 1235 806 enim
1257 751 1376 808 constet
1406 748 1484 824 quod

294 843 433 902 deuterus
453 844 607 903 semitonio
629 846 658 903 et
679 863 737 903 non
751 847 820 904 tono
835 846 975 905 elevatur.
991 844 1065 905 Cum
1078 847 1134 906 iste
1148 865 1200 924 per
1220 850 1327 907 tonum
1349 867 1383 907 aa
1400 849 1486 906 semi·

294 941 410 1000 tunium
432 941 574 1001 elevatur.
597 942 747 1001 Secundus
762 943 867 1002 modus
882 944 1092 1020 pronuntiatus
1114 965 1183 1021 ergo
1205 967 1222 1005 a
1242 947 1417 1005 cantoribus
1432 947 1485 1006 erit

297 1038 381 1113 primi
403 1038 484 1098 modi
505 1038 598 1115 prime
621 1040 709 1116 vecie,
724 1059 816 1115 quum
831 1041 899 1101 licet
915 1060 981 1100 eum
996 1042 1103 1118 deponi
1122 1042 1160 1101 ad
1174 1042 1404 1102 similitudinem
1418 1044 1484 1103 deu·

294 1139 350 1197 teri
371 1142 401 1197 et
421 1138 528 1198 elevari
549 1158 566 1196 a
586 1138 809 1197 similitudinem
831 1140 918 1215 proti,
940 1141 1012 1215 quia
1034 1139 1171 1199 deuterus
1192 1141 1321 1201 ommino
1344 1145 1434 1202 caret.
1447 1143 1483 1202 Et

296 1239 368 1296 item
390 1238 477 1312 plage
490 1236 569 1313 proti
591 1255 651 1295 esse
666 1256 723 1295 non
737 1237 844 1310 licebit,
861 1257 954 1313 quum
969 1241 1073 1314 quarto
1088 1241 1150 1300 loco
1165 1260 1183 1298 a
1196 1240 1277 1299 finali
1294 1259 1366 1301 voce
1388 1259 1483 1299 omnes

297 1335 498 1395 distinctiones
519 1335 622 1394 mittit.
637 1335 749 1394 Etiam
764 1335 957 1395 differentiam
971 1338 1135 1397 naturalem
1151 1357 1216 1397 cum
1231 1339 1318 1416 plage
1333 1340 1416 1415 proti
1429 1358 1483 1398 non

297 1436 412 1510 quarto,
434 1433 484 1492 sed
505 1434 593 1494 tertio
609 1435 673 1494 loco
687 1455 705 1493 a
719 1453 749 1492 se
771 1434 947 1494 differentias
968 1437 997 1494 et
1018 1435 1219 1495 distinctiones
1233 1455 1334 1496 omnes
1352 1437 1480 1513 recipiat

297 1533 408 1592 Fiualis
423 1552 492 1611 ergo
514 1552 572 1592 vox
592 1533 682 1609 hujus
706 1533 880 1609 symphonie
904 1532 1068 1610 deponatur
1087 1536 1159 1594 tono
1187 1538 1218 1595 et
1241 1555 1310 1595 mox
1331 1537 1483 1612 apparebit

298 1633 458 1693 certissime
480 1652 514 1692 ea
535 1650 594 1691 esse
616 1634 721 1708 quarta
742 1631 820 1690 modi
846 1631 970 1708 septime
994 1633 1083 1693 vocis.
1098 1633 1271 1693 Notandum
1291 1654 1413 1710 quoque
1433 1637 1481 1707 est,

299 1733 369 1808 quia
389 1732 420 1790 bi
435 1732 488 1808 qui
500 1751 566 1789 eam
580 1732 755 1806 pronuntiat
776 1731 811 1789 de
832 1731 920 1807 plaga
942 1730 1063 1801 deuteri,
1078 1732 1224 1807 recipiunt
1245 1733 1275 1790 in
1296 1733 1392 1808 ipsam
1407 1752 1482 1810 sym·

297 1832 438 1909 phoniam
456 1834 544 1908 juxta
565 1830 689 1907 primam
711 1850 809 1891 vocem
833 1831 906 1890 duas
935 1830 1064 1891 diversas
1092 1833 1219 1904 voculas,
1241 1833 1321 1909 quod
1350 1833 1422 1910 quia
1448 1835 1483 1892 sit

297 1930 467 2002 absurdum,
489 1930 588 1989 nullus
610 1929 664 2006 qui
684 1932 821 1989 naturam
843 1949 949 1990 vocum
969 1931 1126 2007 cognoscit,
1149 1931 1283 2009 ignorare
1304 1934 1426 2008 poterit.

337 2030 436 2108 Igitur
457 2027 703 2104 quemadmodum
724 2028 755 2086 in
776 2032 861 2104 proto
882 2029 1029 2088 autentico
1052 2029 1125 2088 duas
1153 2029 1292 2090 discretas
1322 2030 1413 2090 facies
1438 2030 1481 2088 de

298 2131 447 2208 pinximus
469 2132 499 2189 et
519 2129 679 2189 secundum
708 2128 836 2206 quodie
865 2129 926 2204 ipso
955 2129 1153 2189 deffiuiuimus
1173 2130 1206 2189 in
1225 2130 1330 2190 ceteris
1357 2123 1481 2190 autentis

297 2230 452 2294 convenire
462 2229 601 2301 diximus,
615 2229 656 2287 sic
670 2231 699 2288 et
713 2229 744 2286 in
759 2228 853 2305 plagis
868 2227 997 2287 diversas
1017 2231 1047 2286 et
1067 2231 1274 2288 annumeratas
1294 2230 1480 2290 distinximus

297 2332 404 2407 partes,
426 2328 558 2388 Habebit
577 2330 677 2387 autem
697 2327 727 2385 et
750 2327 845 2404 plagis
873 2329 951 2402 proti
979 2327 1053 2387 duas
1082 2326 1235 2388 dissimiles
1262 2329 1344 2401 fines,
1373 2328 1403 2387 id
1433 2330 1478 2393 est,

297 2429 400 2489 finales
412 2446 505 2498 voces,
520 2447 557 2488 ex
571 2426 679 2503 quibus
693 2426 788 2502 prima
801 2425 945 2500 descripta
959 2429 1011 2497 est,
1027 2445 1104 2485 nunc
1126 2428 1271 2503 posterior
1291 2427 1479 2487 subcribitur.

479 2587 602 2647 Currere
623 2586 673 2664 qui
694 2585 787 2662 cupis,
807 2585 952 2644 ambobus
965 2573 1120 2662 *gressibus
1142 2586 1194 2645 ito.

479 2686 548 2744 Non
569 2685 642 2744 bene
662 2685 795 2760 properit
816 2703 849 2741 ex
869 2683 928 2742 imo
950 2682 1141 2742 claudicatis
1163 2684 1225 2761 qui.

478 2783 524 2842 Sic
546 2782 648 2842 modus
670 2784 700 2842 in
721 2781 844 2892 singulis
865 2782 1010 2841 melorum
1031 2783 1184 2883 omnigene
1204 2784 1302 2843 seccis.

296 2953 812 2964 —.——————..——.————·
1081 2953 1485 2964 *mn—...-

296 2968 1008 3092 „ftffg—g-J-
1084 2963 1484 3045 -ῆπ

440 3111 539 3171 Gloria
679 3111 844 3170 seculorum
945 3129 1039 3170 amen.
1121 3112 1266 3189 Magnum
1330 3111 1479 3173 Herodem.

298 3255 458 3314 Benedicta
480 3273 508 3314 es
529 3254 605 3314 infir.
908 3253 1076 3329 Martyrum
1098 3256 1210 3314 chorus.

300 3354 382 3412 Unus
404 3356 449 3413 est
470 3353 557 3412 enim.
914 3351 954 3410 Te
975 3372 1078 3411 unum.

300 3452 451 3526 Principes
472 3451 557 3508 sacri.
915 3449 1019 3509 Venite
1043 3449 1204 3509 adoremus

302 3549 433 3608 Accessit
453 3549 540 3609 Jesus
562 3551 591 3607 et
613 3549 722 3624 tetigit.

772 3745 804 3785 lu
825 3745 1008 3786 luraoiuuuus

696 3850 855 3911 Multitudo
882 3853 1099 3928 languentium.
1161 3832 1162 3837 ἵ

744 4042 775 4081 lu
797 4040 1035 4082 commemoremus

733 4165 846 4225 Ultimo
869 4166 1049 4226 festivitatis.

635 4272 681 4360 Itl.
723 4281 755 4340 si
774 4283 851 4342 bona
872 4282 1062 4358 suscepimus.
1140 4358 1143 4363 .

767 4439 831 4470 rtrum
846 4438 933 4471 Phacus
947 4438 1019 4470 Pacui
