3120 5144
257 413 260 423 “
301 426 354 479 rra
741 422 854 478 suino
873 421 1034 477 usurum

300 570 459 654 magistro
480 566 670 654 discipulus,
691 589 752 631 nec
771 566 952 653 discipulus
976 567 1222 654 condiscipulis:
1243 568 1333 633 unde
1357 567 1485 647 factum⁸

302 687 361 758 est,
385 684 510 740 utnon
534 676 600 739 iam
625 696 725 738 unum
748 682 807 739 aut
830 674 946 739 saltem
970 696 1088 760 pauca,
1113 673 1171 739 sed
1194 683 1263 738 tam
1287 675 1393 739 multa
1417 676 1481 738 sint

302 782 546 869 antiphonaria,
564 803 663 867 quam
679 780 775 844 multi
794 791 871 845 sunt
895 803 955 867 per
974 781 1123 866 singulas
1143 782 1301 847 ecclesias
1317 783 1483 868 magistri,

302 889 466 975 vulgoque
490 889 557 952 iam
580 887 704 951 dicitur
723 886 992 973 antiphonarium
1016 910 1082 952 non
1101 887 1265 974 Gregorii,
1285 889 1344 954 sed
1364 890 1484 953 Leonis

303 1006 360 1061 aut
383 994 525 1080 Alberti,
549 1003 607 1060 aut
630 997 865 1080 cuiuscumque
888 994 1042 1077 alterius3
1067 1017 1205 1081 cumque
1228 1018 1332 1060 unum
1356 995 1483 1061 discere

304 1105 347 1167 sit
362 1101 460 1166 valde
473 1101 613 1184 difficile,
627 1100 667 1165 de
684 1101 796 1165 multis
812 1123 876 1164 non
890 1110 940 1164 est
951 1100 1099 1184 dubium,
1113 1103 1193 1187 quin
1206 1103 1251 1166 sit
1266 1101 1482 1188 impossibile.

349 1207 423 1287 Qua
439 1211 474 1272 in
489 1231 525 1272 re
537 1231 616 1302 ¹cum
635 1231 696 1294 pro
712 1231 773 1274 sua
788 1210 852 1294 ipsi
872 1208 1043 1274 voluntate
1061 1209 1165 1275 multa
1181 1219 1395 1293 commutent,
1416 1221 1483 1291 aut,

304 1337 421 1402 parum
444 1325 502 1381 aut
526 1313 609 1379 nihil
628 1315 709 1378 mihi
730 1313 897 1399 indignari
917 1314 1047 1398 debent,
1064 1317 1092 1380 si
1116 1339 1136 1380 a
1154 1318 1318 1381 communi
1342 1339 1406 1381 usu
1424 1317 1483 1381 vix

305 1424 338 1486 in
358 1422 471 1507 paucis
489 1420 640 1504 abscedo,
657 1431 694 1486 ut
713 1420 756 1484 ad
775 1443 980 1486 communem
996 1424 1090 1487 aritis
1106 1423 1253 1508 regulam
1273 1424 1484 1489 uniformiter

305 1531 408 1595 omnis
435 1526 603 1625 cantilena
629 1538 787 1593 recurrat.
814 1527 979 1608 Quoniam
1002 1553 1081 1596 vero
1106 1531 1174 1596 haec
1204 1533 1314 1596 omnia
1338 1531 1428 1596 mala
1457 1533 1482 1595 dt

304 1636 409 1700 multa
433 1636 500 1700 alia
527 1657 640 1699 eorum
672 1634 769 1721 culpa
798 1636 965 1718 eveniunt,
994 1639 1050 1723 qui
1081 1638 1316 1725 antiphonaria
1346 1638 1482 1718 faciunt,

307 1734 403 1807 valde
426 1763 541 1806 moneo
565 1742 594 1805 dc
616 1749 792 1825 contestor,
817 1765 858 1808 ne
882 1743 1002 1830 aliquis
1026 1746 1167 1830 amplius
1197 1755 1376 1831 prasumat
1400 1747 1486 1809 anti·

305 1849 501 1936 phonarium
524 1869 689 1930 neumare,
706 1849 769 1912 nisi
789 1851 848 1935 qui
868 1851 1048 1915 secundum
1067 1852 1231 1916 subiectas
1248 1851 1382 1936 regulas
1401 1851 1483 1916 bene

305 1965 412 2043 potest
435 1956 462 2019 do
486 1956 573 2040 sapit
595 1955 701 2039 ipsam
724 1963 829 2019 artem
848 1957 1026 2041 perficere3
1046 1957 1195 2044 alioquin
1218 1959 1405 2022 certissime
1423 1959 1486 2020 erit

307 2063 461 2148 magister
491 2063 623 2144 erroris,
653 2062 851 2147 quicumque
876 2085 941 2128 non
972 2067 1063 2150 priua
1092 2065 1193 2129 fuerit
1220 2065 1403 2151 discipulus
1430 2086 1482 2128 ve·

306 2173 426 2235 ritatis.

352 2276 480 2342 Taliter
502 2277 624 2342 etenim
648 2276 719 2341 Deo
743 2274 929 2340 auxiliante
952 2276 1015 2341 hoc
1038 2277 1272 2342 antifonarium
1296 2285 1414 2341 notare
1437 2277 1484 2340 di·

307 2387 428 2473 sposui,
452 2393 489 2448 ut
512 2407 570 2471 per
597 2406 671 2448 cum
695 2383 831 2470 posthac
855 2383 973 2448 leviter
997 2383 1118 2470 aliquis
1137 2392 1287 2449 sensatus
1310 2385 1339 2448 do
1363 2383 1486 2448 studio·

308 2516 361 2557 sus
385 2501 518 2556 cantum
550 2490 673 2573 discat3
702 2499 923 2577 &postquam
950 2499 1078 2576 partem
1109 2493 1179 2556 eius
1202 2514 1260 2576 per
1291 2492 1483 2575 magistrum

308 2598 391 2662 bene
408 2600 610 2683 cognoverit,
627 2597 756 2683 reliqua
770 2620 829 2683 per
841 2603 876 2662 sc
890 2599 959 2662 sine
972 2599 1129 2682 magistro
1145 2597 1375 2662 indubitanter
1388 2618 1485 2681 agno·

308 2706 379 2768 scit.
404 2705 455 2768 De
479 2727 543 2790 quo
568 2705 595 2768 si
624 2706 698 2789 quis
722 2726 774 2768 me
797 2705 932 2768 mentiri
956 2713 1061 2790 putat,
1088 2705 1209 2787 veniat,
1241 2702 1486 2789 experiatur&

309 2811 430 2894 videat,
456 2811 542 2896 quod
567 2812 632 2876 tale
651 2810 713 2876 hoc
732 2811 819 2897 apud
844 2834 903 2875 nos
926 2810 1054 2896 pueruli
1075 2810 1212 2892 faciunt,
1238 2811 1294 2894 qui
1315 2832 1375 2896 pro
1401 2809 1484 2896 psal·

308 2941 433 2983 morum
458 2927 487 2986 ἃ
506 2918 695 3004 vulgarium
718 2919 903 2982 litterarum
927 2918 1115 3001 ignorantia
1134 2938 1222 2981 saeva
1241 2916 1284 2980 ad
1304 2916 1367 2981 hoc
1386 2918 1485 2980 susci·

308 3028 404 3112 piunt
429 3025 570 3109 flagella,
587 3027 644 3111 qui
664 3047 749 3112 saepe
769 3032 796 3090 dt
820 3026 923 3110 ipsius
939 3023 1138 3109 antiphonae,
1159 3044 1258 3107 quam
1282 3045 1341 3108 per
1366 3045 1400 3087 se
1416 3024 1483 3086 sine

308 3133 463 3218 magistro
479 3141 568 3196 recte
586 3143 722 3218 possunt
740 3140 887 3214 cantare,
908 3130 1011 3195 verba
1028 3139 1056 3196 ἃ
1074 3129 1221 3215 syllabas
1240 3131 1396 3201 nesciunt
1414 3151 1485 3215 pro·

218 3242 241 3250 ”’
308 3239 479 3305 nuntiare:
505 3238 592 3325 quod
615 3261 689 3326 eum
708 3238 770 3302 Dei
790 3237 955 3302 adiutorio
975 3235 1091 3302 leviter
1111 3243 1261 3300 sensatus
1282 3236 1485 3300 &studiosus

308 3348 427 3432 aliquis
445 3346 566 3431 poterit
589 3345 707 3427 facere,
733 3347 770 3433 si,
796 3367 871 3409 cum
888 3353 1011 3430 quanto
1031 3343 1140 3408 studio
1159 3363 1285 3406 neumae
1311 3342 1484 3428 disponan-

310 3465 373 3537 tur,
394 3460 486 3518 curet
510 3475 698 3537 agnoscere.

353 3561 407 3624 Ita
426 3561 532 3646 igitur
556 3560 774 3645 disponuntur
806 3580 912 3640 voces,
938 3567 975 3622 ut
998 3557 1225 3642 unusquisque
1251 3578 1363 3637 sonus,
1388 3578 1482 3642 quan·

311 3666 463 3732 tumlibet
487 3668 521 3730 in
544 3674 646 3730 cantu
668 3675 849 3752 repetatur,
874 3666 909 3728 in
933 3686 998 3728 uno
1018 3686 1147 3748 semper
1167 3666 1195 3724 ἃ
1217 3685 1276 3727 suo
1301 3663 1419 3727 ordine
1439 3664 1484 3725 in·

311 3775 474 3838 veniatur.
503 3773 593 3854 Quos
621 3772 763 3853 ordines,
794 3781 832 3835 ut
862 3769 978 3835 melius
1008 3771 1111 3856 possis
1145 3769 1348 3851 discerncre,
1380 3770 1485 3855 spissa

310 3880 478 3944 ducuntur
499 3880 604 3960 lineae,
624 3885 652 3942 d
671 3878 806 3964 quidam
825 3878 956 3942 ordines
975 3899 1094 3942 vocum
1117 3877 1151 3940 in
1171 3876 1252 3961 ipsis
1275 3875 1363 3941 fiunt
1384 3875 1484 3953 lineis,

311 3988 445 4074 quidam
464 4009 543 4051 vero
562 3988 649 4052 inter
665 3984 764 4068 linea,
781 3987 815 4049 in
830 3984 939 4049 medio
956 3981 1174 4049 intervallo&
1192 3983 1299 4069 spatio
1317 3981 1484 4048 linearum.

356 4094 622 4179 Quanticumque
638 4113 716 4176 ergo
735 4092 805 4156 soni
826 4091 862 4156 iu
879 4112 945 4155 una
965 4090 1054 4155 linea
1072 4089 1126 4154 vel
1139 4091 1174 4153 in
1190 4111 1255 4153 uno
1277 4090 1387 4175 spatio
1406 4097 1486 4168 sunt,

312 4221 425 4265 omnes
453 4198 605 4264 similiter
637 4207 767 4262 sonant.
790 4199 839 4263 Ut
861 4207 975 4262 autem
998 4195 1133 4261 &illud
1156 4194 1331 4279 intelligas,
1362 4204 1488 4282 quanta

312 4307 406 4371 lineae
425 4305 478 4371 vel
496 4307 603 4392 spatia
618 4327 720 4370 unum
739 4303 864 4369 habent
880 4326 1004 4386 sonum,
1022 4301 1222 4388 quibuslibet
1237 4302 1332 4367 lineis
1349 4303 1404 4367 vel
1419 4323 1487 4387 spa·

312 4414 368 4479 tiis
392 4411 543 4500 quaedam
565 4413 683 4477 littera
703 4410 743 4476 de
768 4409 987 4477 monochordo
1003 4409 1258 4496 praefigurantur
1276 4419 1379 4495 atque
1395 4409 1487 4474 etiam
