3120 5144
283 399 341 452 424
730 397 842 453 GUIDO
864 398 1026 454 ARIII'INO

284 553 410 609 sextus.
433 545 535 608 quta
556 544 656 628 'super
681 544 819 607 minIum
838 545 979 628 septima
999 554 1049 608 est
1074 542 1114 608 G.
1139 546 1173 608 in
1205 567 1270 630 qua
1300 554 1400 609 tonus
1423 565 1473 607 se·

288 653 409 738 ptimus
426 650 482 715 vel
501 660 647 715 octavus.
667 650 796 714 Deinde
815 653 923 736 prima
941 653 1150 736 repetitura.
1169 653 1265 715 tertio
1285 651 1404 714 ordine
1421 674 1470 715 su-

286 783 346 847 per
367 762 506 824 minium
529 763 559 822 dr
581 759 679 823 tertio
702 758 816 823 subter
836 781 978 843 crooum,
1005 763 1040 822 in
1058 782 1123 843 quo
1146 768 1242 823 tonus
1266 763 1397 844 primus
1414 762 1466 841 (ἃ)

287 867 342 932 vel
366 866 540 949 secundus,
560 876 596 929 ut
620 865 745 929 dietum
765 875 823 930 est.
844 868 1024 952 Postquam
1044 888 1154 931 omnes
1170 865 1245 930 alise
1265 868 1469 929 reiterantur

287 973 452 1060 prioribus
475 975 509 1036 in
533 971 623 1037 nullo
644 972 831 1038 dissimiles.
849 973 929 1054 Ques
946 977 1056 1039 omnia
1077 973 1205 1059 plenius
1224 973 1294 1037 haeo
1314 983 1345 1037 te
1363 974 1469 1058 figura

288 1080 433 1146 docebit.

953 1228 1076 1331 ,Π

863 1410 1088 1498 ⁰v1

1044 1594 1087 1666 'tv

1054 1782 1080 1834 11

1034 1933 1096 1987 VIII

1052 2031 1089 2083 VI

1038 2128 1095 2180 IIII

1056 2227 1080 2280 II

1050 2322 1089 2374 VI

1041 2420 1097 2472 IIII

1053 2538 1081 2590 II

832 1957 834 1962 ’
865 1955 883 2004 9

1049 2731 1084 2784 VI

1039 2829 1095 2882 IIII

1052 2926 1079 2980 II

1050 3024 1086 3076 VI

1037 3122 1093 3175 IIII

1054 3221 1082 3272 II

1032 3318 1098 3371 VIII

668 3126 712 3178 III

868 1223 885 1275 d

867 1295 891 1346 d,

867 1481 880 1516 o

868 1786 886 1820 o

869 1857 887 1892 u

869 2035 889 2100 f.

869 2150 883 2188 e

876 2231 884 2281 t

871 2346 884 2382 o

870 2560 888 2595 u

868 2639 893 2692 G
1035 2635 1097 2688 VIII

867 2734 898 2789 F

865 2835 896 2887 E

866 2932 893 2985 D

870 3026 892 3081 0

865 3125 893 3177 B

865 3223 893 3273 A

867 3319 891 3377 I'

665 3320 716 3374 VII

333 3535 495 3616 Quamvis
512 3546 624 3600 autem
643 3536 706 3600 duo
723 3557 851 3620 semper
868 3536 936 3598 toni
957 3536 990 3598 in
1008 3556 1074 3598 una
1091 3535 1158 3598 sint
1175 3534 1286 3597 littera
1303 3531 1357 3596 veI
1376 3553 1465 3614 voce,

289 3651 401 3705 tamen
425 3641 528 3707 multo
552 3642 669 3707 melius
685 3645 715 3704 8(
734 3642 938 3727 frequentius
958 3643 1159 3706 conveniunt
1178 3640 1317 3723 singulis
1342 3640 1465 3703 neumis

291 3769 331 3811 ao
358 3750 447 3811 sonis
475 3747 622 3813 formulae
652 3739 792 3813 secundi
819 3750 897 3831 toni,
922 3750 1043 3833 quarti,
1073 3749 1158 3811 sexti
1182 3750 1209 3807 ἃ
1233 3749 1355 3811 octavi.
1385 3747 1463 3810 Num

248 3932 250 3937 ι
291 3853 439 3919 formulae
460 3857 570 3941 primi,
598 3857 701 3938 tertii,
729 3855 893 3940 quinti&
920 3857 1050 3941 septimi
1079 3854 1383 3946 nonpoobnveniuut,
1407 3852 1464 3916 uisi

287 3983 367 4025 cum
390 3972 506 4027 cantus
525 3962 567 4027 ab
592 3963 659 4028 alto
683 3963 884 4027 descendens
909 3964 944 4026 in
964 3984 1100 4046 gravem
1119 3961 1290 4025 devenerit
1314 3961 1424 4025 finem.

336 4068 426 4132 Illud
446 4070 580 4134 tandem
600 4092 767 4154 cognosce,
788 4070 904 4155 quodsi
924 4070 975 4133 vis
994 4071 1028 4132 in
1048 4069 1099 4132 his
1117 4069 1202 4133 notis
1225 4067 1397 4153 proficere,
1414 4087 1465 4130 ne·

289 4196 381 4239 oesse
404 4184 463 4259 est,
487 4186 524 4240 ut
554 4178 739 4263 aliquantos
767 4185 885 4240 cantus
916 4177 962 4240 ita
990 4177 1176 4240 memoriter
1207 4174 1325 4255 discas,
1352 4185 1391 4239 ut
1413 4195 1466 4259 per

287 4283 438 4367 singulas
461 4307 596 4349 neumas
619 4285 731 4350 modos
751 4284 804 4348 vel
828 4306 923 4348 sonos
943 4307 1064 4366 omnes,
1089 4285 1156 4369 qui,
1175 4283 1230 4348 vel
1254 4284 1369 4368 quales
1394 4285 1464 4362 sint,

289 4391 631 4457 memoriter-sentias.
652 4390 747 4471 Quod
761 4390 900 4476 quidem
921 4389 1016 4476 longe
1030 4389 1122 4455 aliud
1141 4400 1190 4454 est
1202 4392 1400 4455 memoriter
1417 4411 1465 4453 ss-
