3120 5144
512 393 627 450 eume
645 395 805 451 anenno
885 356 886 359 Ὺ

60 537 108 596 Me
129 540 334 615 expectaveris
672 539 788 601 cibavit
809 560 867 602 eos·

60 635 180 696 Redime
201 657 247 696 me
267 638 401 699 Domine.
670 639 760 699 Molte
781 641 994 700 tribulationes.

60 734 118 794 Fae
139 754 253 795 meeum
273 736 407 796 Domine.
670 737 745 796 Mihi
770 741 869 799 autem
892 738 979 798 nimis

60 833 183 893 Letetur
204 854 261 895 eor.
670 836 816 898 Dominus
837 839 1023 899 illuminatio.

60 930 198 1001 sitientes
220 935 315 994 venite
338 934 383 994 ad.
671 934 822 995 Terribilis
843 941 895 997 est.

60 1029 270 1093 Clamaverunt
289 1029 372 1108 justi.
675 1035 818 1094 Dominus
839 1037 992 1098 fortitudo.

508 1241 539 1280 IN
561 1240 798 1282 commemoremus

837 1385 1248 1397 -..-.-.-.-.----

57 1385 591 1524 ss‘ffitgfss—
487 1409 680 1464 1:11:
700 1456 785 1463 -
809 1409 1250 1515 ἽΞΕΞ--ιέῑ-

366 1493 465 1499 .—-—
470 1492 785 1501 ’.σο-η
805 1492 999 1500 —-.-—
1054 1494 1248 1503 ——.„-——

234 1541 334 1602 Gloria
584 1545 748 1603 seculorum
931 1564 1026 1604 emen.
1050 1545 1246 1607 Hierosolima
1303 1580 1304 1583 ¹

60 1676 186 1735 Domine
208 1677 436 1738 firmamentum.
675 1679 777 1739 Omnis
799 1679 852 1756 qui
874 1679 904 1737 in
925 1677 1051 1738 Christo.
1145 1675 1247 1758 [surge

61 1774 176 1833 Vovete
197 1778 227 1834 et
248 1776 372 1837 reddite.
673 1778 737 1855 Ego
759 1796 825 1836 sum
846 1781 955 1853 pastor.

59 1872 193 1931 Narrabo
215 1875 322 1934 omnia.
675 1875 807 1935 Gaudete
826 1876 911 1951 justi.

60 1969 204 2030 Dominus
223 1973 310 2032 Jesns
333 1976 496 2050 postquem.
673 1973 756 2032 Mens
777 1975 910 2050 septime.

61 2071 136 2131 Data
159 2076 203 2133 est
224 2073 297 2132 mihi

359 2178 405 2267 R).
440 2190 592 2250 Leetentur
615 2190 669 2248 oeli
691 2193 721 2250 et
744 2191 864 2250 exultet.

441 2288 525 2349 Oriet
512 2293 563 2349 tur
583 2289 614 2347 in
635 2289 744 2349 diebus.

805 2452 852 2494 i-

842 2558 1159 2567 ⁴..—-..-..—--—-.-—-—.-
1160 2559 1248 2566 .-

57 2557 306 2668 wG——loria
428 2611 507 2686 petri
568 2613 597 2671 et
697 2610 757 2671 filio
779 2613 808 2670 et
979 2610 1097 2686 spiritui

56 2752 1250 2907 ffe—:ss-—eff-r—ss-fffi

60 2872 164 2878 ———
169 2873 515 2880 —————-..-.-—..—-
560 2871 864 2880 -----.--.-.
860 2871 1249 2879 .-——--—-.—--.-——-—-—

200 2927 311 2985 saneto
453 2924 536 2985 Siout
617 2929 680 2984 erat
751 2925 781 2984 in
902 2924 1045 3000 principio
1156 2928 1186 2984 et

929 3075 1070 3085 ...a—...00—
1072 3077 1248 3085 0—ss—

57 3076 1249 3218 ᾗτ-Ῡῗ-ἶιι-ῑῑ-ΠΞἮ

188 3255 268 3298 nune
370 3242 399 3298 et
452 3256 566 3315 semper
618 3239 726 3299 etin
786 3240 882 3298 seoule
979 3239 1142 3299 seculorum

101 3723 159 3784 Hie
179 3724 378 3784 adnotandum
406 3729 450 3786 est
477 3725 565 3801 quod,
587 3723 747 3784 seeundum
767 3723 909 3800 quosdam
937 3722 1108 3802 diligentius
1135 3723 1246 3799 perspi·

58 3825 176 3896 mentes,
199 3824 293 3883 multe
306 3825 464 3901 antiphone
479 3825 579 3901 quarti
597 3823 686 3895 modi,
707 3823 892 3899 meximeque
914 3841 1012 3882 omnes
1039 3842 1095 3899 que
1116 3822 1147 3880 in
1174 3823 1247 3882 dua·

60 3925 117 3982 hus
138 3921 273 3982 formulis
293 3923 514 3996 suberibuntur,
530 3944 547 3982 a
561 3923 664 3982 multis
678 3920 908 3998 pronuntiantur
921 3921 952 3978 in
973 3938 1043 3980 voee
1065 3921 1168 3997 prima.
1184 3921 1247 3991 Que

58 4040 116 4081 vox
137 4021 274 4096 quamvis
295 4020 458 4096 deponatur
479 4021 593 4080 duobus
621 4021 699 4080 tonis
720 4020 757 4079 ad
777 4018 1001 4080 similitudinem
1028 4020 1129 4094 quarti
1157 4021 1246 4091 modi,

58 4124 158 4180 tamen
179 4122 299 4196 propter
320 4119 514 4179 elevationem
535 4119 728 4179 videturesse
751 4118 869 4178 secundi
890 4117 980 4190 modi,
996 4118 1066 4195 qnia
1080 4118 1248 4195 supradicte

59 4219 220 4294 antiphone
241 4216 350 4275 habent
369 4216 443 4275 dues
465 4218 547 4276 tonos
568 4216 599 4275 in
621 4216 802 4293 depositione
824 4219 854 4274 et
869 4233 969 4274 rursus
984 4217 1090 4274 tonum
1111 4218 1141 4274 et
1162 4217 1247 4275 semi·

59 4317 179 4377 tonium
202 4314 233 4372 in
260 4315 436 4386 elevatione3
458 4314 537 4390 quod
557 4314 710 4391 proprium
736 4317 780 4374 est
808 4312 894 4391 primi
923 4313 1001 4373 modi
1034 4314 1128 4390 prime
1158 4315 1247 4375 veois.

58 4414 143 4475 Unde
170 4412 385 4488 aquihusdam
407 4413 485 4473 inter
505 4413 693 4489 symphonias
714 4412 808 4488 prime
835 4412 914 4472 vocis
942 4415 1134 4473 annumerato
1169 4416 1247 4472 sunt.
