3030 5138
473 394 586 450 GUIDO
605 394 767 450 ARETINO
1155 400 1208 456 365

36 563 143 606 eorum
166 541 350 605 imitatione
373 538 480 603 cordae
504 548 537 602 et
561 548 745 602 nostrarum
769 549 921 604 notarum
940 562 1003 606 usu
1022 544 1207 625 exercitati,

34 660 105 714 ante
124 649 222 713 unius
240 648 361 712 mensis
380 646 522 732 spatium
538 645 661 710 invisos
678 646 706 710 ds
724 646 888 712 inauditos
906 656 1023 712 cantus
1040 651 1087 712 ita
1102 650 1207 734 primo

35 757 154 820 intuitu
174 753 403 819 indubitanter
421 750 613 834 cantabant,
631 760 669 815 ut
684 753 865 818 maximum
890 753 1114 839 spectaculum
1139 754 1208 841 plu-

32 864 120 927 rimis
143 860 369 949 praeberetur3
393 859 481 945 quod
504 868 615 922 tamen
640 859 696 943 qui
721 881 785 923 nou
809 869 916 945 potest
951 860 1070 944 facere,
1095 864 1207 926 nescio

31 991 93 1055 qua
116 968 224 1033 fronte
248 990 283 1032 se
306 967 469 1031 musicum
493 963 547 1029 vel
578 973 746 1030 cantorem
769 965 892 1031 audeat
916 966 1037 1032 dicere.
1060 967 1207 1032 Maxime

31 1079 141 1162 itaque
160 1058 250 1139 dolui
275 1074 315 1138 de
338 1074 459 1137 nostris
489 1070 690 1154 cantoribus,
715 1072 771 1157 qui
796 1073 856 1137 etsi
890 1082 1022 1138 centum
1051 1075 1147 1138 annis
1171 1075 1206 1138 in

31 1182 171 1248 canendi
193 1181 301 1246 studio
324 1188 545 1267 perseverent,
561 1202 741 1267 numquam
755 1189 866 1245 tamen
881 1179 935 1246 vel
952 1183 1120 1249 minimam
1144 1206 1205 1247 au·

31 1290 202 1376 tiphonem
225 1310 284 1374 per
307 1310 341 1351 se
365 1286 479 1352 valent
503 1288 629 1370 efferre,
654 1308 782 1373 semper
798 1287 972 1373 discentes,
989 1298 1026 1353 ut
1044 1292 1093 1354 ait
1113 1289 1203 1376 Apo-

30 1398 137 1480 stolus,
162 1397 392 1481 &numquam
420 1394 463 1458 ad
487 1393 668 1480 perfectam
691 1395 789 1459 huius
813 1396 895 1459 artis
928 1397 1102 1460 scientiam
1131 1418 1205 1482 per·

30 1505 211 1568 venientes.
236 1502 383 1587 Cupiens
406 1503 518 1586 itaque
541 1510 610 1565 tam
629 1501 708 1566 utile
727 1512 878 1568 nostrum
896 1502 1043 1568 studium
1063 1504 1098 1567 in
1117 1524 1205 1568 com·

31 1633 163 1675 munem
186 1609 362 1673 utilitatem
394 1607 581 1694 expendere
604 1607 646 1671 de
674 1610 785 1672 multis
820 1611 956 1674 musicis
988 1610 1202 1694 argumentis,

31 1741 99 1803 quae
124 1717 275 1781 adiutore
290 1716 362 1779 Deo
380 1736 439 1800 per
456 1716 549 1779 varia
567 1723 717 1800 tempora
735 1716 930 1801 conquisivi,
948 1715 1108 1801 quadam,
1129 1738 1201 1802 qnae

30 1824 218 1889 cantoribus
233 1823 391 1910 proficere
407 1821 545 1905 credidi,
566 1831 690 1907 quanta
710 1824 802 1908 potui
822 1822 985 1888 brevitate
1003 1825 1200 1911 perstrinxi3

31 1953 99 2017 quae
123 1933 212 1996 enim
236 1930 277 1994 de
299 1931 427 1994 musica
450 1928 493 1993 ad
509 1929 696 1994 canendum
714 1930 824 1994 minus
844 1941 991 2016 prosunt,
1009 1941 1069 1996 aut
1084 1934 1112 1995 si
1128 1954 1200 2017 quaa

30 2060 71 2102 ex
85 2037 149 2121 his,
165 2060 239 2124 quae
256 2035 422 2118 dicuntur,
439 2057 504 2100 non
522 2035 637 2100 valent
655 2034 805 2121 intelligi,
822 2058 881 2101 nec
897 2046 1080 2101 memoratu
1097 2037 1199 2122 digna

31 2143 188 2226 iudicavi,
211 2164 278 2207 non
302 2164 421 2226 curans
446 2141 487 2205 de
510 2140 571 2223 his,
594 2142 623 2206 si
647 2141 864 2227 quorumdam
898 2143 1029 2207 animus
1059 2142 1199 2208 livescat

31 2249 168 2334 invidia,
191 2248 271 2312 dum
295 2246 513 2334 quorumdam
536 2246 688 2333 proficiat
712 2246 898 2333 disciplina.

71 2354 219 2440 Eaplicit
238 2355 402 2442 prolapus.

344 2683 582 2750 INCIPIUNT
607 2682 841 2750 CAPITULA
857 2683 887 2738 ll)

28 2927 98 2986 Gur.
121 2929 134 2986 I
137 2968 236 2986 ..........
251 2924 327 2991 Quid
349 2924 451 3001 faciat,
473 2923 524 3000 qui
546 2940 579 2982 se
599 2923 638 2982 ad
660 2922 851 3000 disciplinam
873 2924 996 2984 Musicae
1018 2926 1124 3000 parat?

28 3023 97 3084 Osr.
120 3025 150 3083 II
156 3067 235 3083 ........
251 3023 323 3088 Quae
345 3021 395 3080 vel
417 3021 522 3098 quales
543 3020 606 3080 sint
627 3024 716 3093 notae,
738 3021 789 3080 vel
810 3023 902 3098 quot?

27 3123 98 3182 Gur.
120 3124 164 3182 III
166 3167 233 3182 .......
248 3123 293 3180 Do
315 3119 514 3198 dispositione
535 3137 640 3180 earum
662 3120 694 3177 iu
716 3120 928 3180 monochordo.

26 3221 165 3293 (ΜΝ
167 3263 232 3279 .......
248 3220 359 3285 Quibus
381 3237 436 3278 sex
456 3217 553 3277 modis
575 3218 632 3277 sibi
653 3217 784 3276 invicem
807 3236 897 3277 voces
918 3219 1108 3293 iungantur?

26 3319 99 3379 Gar.
121 3320 149 3379 V
154 3362 232 3378 ........
247 3320 291 3377 De
313 3319 465 3394 diapason,
488 3317 516 3376 <tr
537 3334 590 3375 cur
610 3319 728 3376 tautum
750 3320 867 3392 septem
890 3318 951 3377 sint
971 3319 1073 3376 notae?

26 3417 98 3477 Cur.
120 3418 163 3476 VI
166 3460 233 3475 .......
249 3419 326 3476 Item
349 3415 385 3474 de
407 3415 615 3489 divisionibus,
636 3415 664 3474 dr
686 3415 941 3491 interpretatione
962 3433 1075 3474 earum.

24 3514 96 3574 Gur.
119 3516 228 3574 VII..-...
244 3516 288 3573 De
309 3513 456 3573 affinitate
479 3531 584 3572 vocum
606 3530 662 3588 per
682 3517 810 3589 quatuor
831 3515 945 3573 modos.

25 3614 98 3673 Gur.
120 3613 228 3673 VIII...
243 3614 287 3671 De
309 3612 379 3671 aliIs
400 3611 596 3671 affinitatibus
619 3607 759 3679 duddi.

25 3711 98 3771 Gur.
120 3712 229 3770 IX....'..
246 3711 322 3769 Item
345 3710 382 3768 de
403 3707 603 3768 similitudine
618 3725 735 3780 vocum,
750 3726 877 3784 quarum
892 3708 1036 3785 diapason
1051 3710 1115 3769 sola
1135 3728 1203 3786 per-

18 3841 25 3854 ·
146 3809 227 3868 fecta
249 3813 305 3867 est.

25 3907 95 3967 Gur.
117 3908 147 3965 X
149 3947 229 3968 ........
230 3920 232 3924 ·
244 3907 322 3965 Item
345 3904 382 3963 dc
403 3903 499 3964 modis
520 3905 548 3962 dr
569 3903 641 3963 falsi
661 3903 734 3963 meli
757 3903 912 3980 agnitione
934 3906 961 3965 dr
982 3904 1182 3965 correctione.

26 4005 98 4064 Gur.
121 4006 166 4064 XI
173 4049 229 4064 ......
246 4004 318 4069 Quae
338 4021 409 4076 vox,
431 4004 459 4060 dr
482 4020 535 4061 cur
556 4002 588 4060 in
609 4004 699 4061 cantu
720 4001 856 4062 obtineat
875 4002 1103 4081 principatum?

27 4103 96 4163 Gar.
119 4103 179 4162 XII
184 4144 232 4162 .....
247 4103 292 4160 Do
314 4100 461 4160 divisione
483 4102 611 4176 quatuor
632 4099 788 4159 modorum
811 4099 842 4160 in
864 4102 941 4160 octo.

30 4255 295 4267 ...-..„..--·--——-

64 4369 106 4441 (l)
125 4367 185 4424 Hoc
204 4366 362 4437 capitulare
380 4366 410 4421 in
430 4365 541 4423 caeteris
560 4367 644 4424 Mas.
664 4374 709 4422 est
727 4367 870 4422 omissum.
