<?xml version="1.0" encoding="UTF-8"?>
<!DOCTYPE html PUBLIC "-//W3C//DTD XHTML 1.0 Transitional//EN"
    "http://www.w3.org/TR/xhtml1/DTD/xhtml1-transitional.dtd">
<html xmlns="http://www.w3.org/1999/xhtml" xml:lang="en" lang="en">
 <head>
  <title>
</title>
<meta http-equiv="Content-Type" content="text/html;charset=utf-8" />
  <meta name='ocr-system' content='tesseract 3.04.00' />
  <meta name='ocr-capabilities' content='ocr_page ocr_carea ocr_par ocr_line ocrx_word'/>
</head>
<body>
  <div class='ocr_page' id='page_1' title='image "./guidoaretinomon00brangoog/guidoaretinomon00brangoog_0381.png"; bbox 0 0 3120 5144; ppageno 0'>
   <div class='ocr_carea' id='block_1_1' title="bbox 526 431 819 488">
    <p class='ocr_par' dir='ltr' id='par_1_1' title="bbox 526 431 819 488">
     <span class='ocr_line' id='line_1_1' title="bbox 526 431 819 488; baseline 0.007 -2"><span class='ocrx_word' id='word_1_1' title='bbox 526 431 640 486; x_wconf 85' lang='lat' dir='ltr'><strong>GUIDO</strong></span> <span class='ocrx_word' id='word_1_2' title='bbox 659 431 819 488; x_wconf 71' lang='lat' dir='ltr'>ARld&#39;I&#39;lNO</span> 
     </span>
    </p>
   </div>
   <div class='ocr_carea' id='block_1_2' title="bbox 535 802 814 870">
    <p class='ocr_par' dir='ltr' id='par_1_2' title="bbox 535 802 814 870">
     <span class='ocr_line' id='line_1_2' title="bbox 535 802 814 870; baseline -0.007 -2"><span class='ocrx_word' id='word_1_3' title='bbox 535 802 685 869; x_wconf 80' lang='lat' dir='ltr'>CAPUT</span> <span class='ocrx_word' id='word_1_4' title='bbox 713 804 814 870; x_wconf 89' lang='lat' dir='ltr'>XVII</span> 
     </span>
    </p>
   </div>
   <div class='ocr_carea' id='block_1_3' title="bbox 188 1019 1155 1083">
    <p class='ocr_par' dir='ltr' id='par_1_3' title="bbox 188 1019 1155 1083">
     <span class='ocr_line' id='line_1_3' title="bbox 188 1019 1155 1083; baseline 0.001 -19"><span class='ocrx_word' id='word_1_5' title='bbox 188 1020 280 1072; x_wconf 71' lang='lat' dir='ltr'>QUOD</span> <span class='ocrx_word' id='word_1_6' title='bbox 304 1020 347 1063; x_wconf 74' lang='lat' dir='ltr'>Ab</span> <span class='ocrx_word' id='word_1_7' title='bbox 370 1019 506 1066; x_wconf 76' lang='lat' dir='ltr'>CANTUM</span> <span class='ocrx_word' id='word_1_8' title='bbox 529 1020 717 1066; x_wconf 80' lang='lat' dir='ltr'>REDIGITUR</span> <span class='ocrx_word' id='word_1_9' title='bbox 741 1022 845 1083; x_wconf 79' lang='lat' dir='ltr'>OMNE,</span> <span class='ocrx_word' id='word_1_10' title='bbox 868 1021 955 1074; x_wconf 76' lang='lat' dir='ltr'><strong>QUOD</strong></span> <span class='ocrx_word' id='word_1_11' title='bbox 979 1022 1155 1066; x_wconf 81' lang='lat' dir='ltr'>SCRIBITUR</span> 
     </span>
    </p>
   </div>
   <div class='ocr_carea' id='block_1_4' title="bbox 40 1211 1265 3435">
    <p class='ocr_par' dir='ltr' id='par_1_4' title="bbox 130 1211 1260 1300">
     <span class='ocr_line' id='line_1_4' title="bbox 130 1211 1260 1300; baseline 0.004 -26"><span class='ocrx_word' id='word_1_12' title='bbox 130 1211 192 1276; x_wconf 89' lang='lat' dir='ltr'>His</span> <span class='ocrx_word' id='word_1_13' title='bbox 216 1211 363 1279; x_wconf 88' lang='lat' dir='ltr'>breviter</span> <span class='ocrx_word' id='word_1_14' title='bbox 387 1215 547 1277; x_wconf 86' lang='lat' dir='ltr'>intimatis</span> <span class='ocrx_word' id='word_1_15' title='bbox 572 1214 661 1278; x_wconf 89' lang='lat' dir='ltr'>aliud</span> <span class='ocrx_word' id='word_1_16' title='bbox 684 1213 745 1277; x_wconf 90' lang='lat' dir='ltr'>tibi</span> <span class='ocrx_word' id='word_1_17' title='bbox 770 1214 998 1300; x_wconf 90' lang='lat' dir='ltr'>planissimum</span> <span class='ocrx_word' id='word_1_18' title='bbox 1030 1214 1181 1278; x_wconf 83' lang='lat' dir='ltr'>dabimus</span> <span class='ocrx_word' id='word_1_19' title='bbox 1206 1214 1260 1279; x_wconf 92' lang='lat' dir='ltr'>hic</span> 
     </span>
    </p>

    <p class='ocr_par' dir='ltr' id='par_1_5' title="bbox 40 1319 1262 2886">
     <span class='ocr_line' id='line_1_5' title="bbox 40 1319 1260 1407; baseline 0.005 -29"><span class='ocrx_word' id='word_1_20' title='bbox 40 1329 326 1407; x_wconf 48' lang='lat' dir='ltr'>argumentum,</span> <span class='ocrx_word' id='word_1_21' title='bbox 351 1320 526 1386; x_wconf 89' lang='lat' dir='ltr'>utillimum</span> <span class='ocrx_word' id='word_1_22' title='bbox 556 1323 641 1404; x_wconf 86' lang='lat' dir='ltr'>usui,</span> <span class='ocrx_word' id='word_1_23' title='bbox 669 1322 746 1386; x_wconf 86' lang='lat' dir='ltr'>licet</span> <span class='ocrx_word' id='word_1_24' title='bbox 769 1321 928 1386; x_wconf 88' lang='lat' dir='ltr'>hactonus</span> <span class='ocrx_word' id='word_1_25' title='bbox 961 1321 1158 1384; x_wconf 88' lang='lat' dir='ltr'>inauditum.</span> <span class='ocrx_word' id='word_1_26' title='bbox 1188 1319 1260 1400; x_wconf 72' lang='lat' dir='ltr'>Quo</span> 
     </span>
     <span class='ocr_line' id='line_1_6' title="bbox 43 1428 1258 1514; baseline 0.004 -29"><span class='ocrx_word' id='word_1_27' title='bbox 43 1443 158 1490; x_wconf 52' lang='lat' dir='ltr'>*euru</span> <span class='ocrx_word' id='word_1_28' title='bbox 177 1430 323 1492; x_wconf 90' lang='lat' dir='ltr'>omnium</span> <span class='ocrx_word' id='word_1_29' title='bbox 344 1429 474 1492; x_wconf 90' lang='lat' dir='ltr'>omuino</span> <span class='ocrx_word' id='word_1_30' title='bbox 492 1428 649 1492; x_wconf 89' lang='lat' dir='ltr'>melorum</span> <span class='ocrx_word' id='word_1_31' title='bbox 669 1451 768 1493; x_wconf 87' lang='lat' dir='ltr'>causa</span> <span class='ocrx_word' id='word_1_32' title='bbox 786 1428 952 1510; x_wconf 76' lang='lat' dir='ltr'>claruerit,</span> <span class='ocrx_word' id='word_1_33' title='bbox 973 1429 1094 1514; x_wconf 88' lang='lat' dir='ltr'>poteris</span> <span class='ocrx_word' id='word_1_34' title='bbox 1112 1437 1167 1492; x_wconf 92' lang='lat' dir='ltr'>tuo</span> <span class='ocrx_word' id='word_1_35' title='bbox 1186 1429 1258 1491; x_wconf 89' lang='lat' dir='ltr'>usui</span> 
     </span>
     <span class='ocr_line' id='line_1_7' title="bbox 44 1534 1259 1620; baseline 0.002 -25"><span class='ocrx_word' id='word_1_36' title='bbox 44 1535 253 1618; x_wconf 60' lang='lat' dir='ltr'>adhibere,</span> <span class='ocrx_word' id='word_1_37' title='bbox 279 1557 350 1620; x_wconf 88' lang='lat' dir='ltr'>quae</span> <span class='ocrx_word' id='word_1_38' title='bbox 373 1534 565 1620; x_wconf 81' lang='lat' dir='ltr'>probaveris</span> <span class='ocrx_word' id='word_1_39' title='bbox 597 1536 776 1619; x_wconf 86' lang='lat' dir='ltr'>commoda,</span> <span class='ocrx_word' id='word_1_40' title='bbox 801 1540 823 1597; x_wconf 72' lang='lat' dir='ltr'>d</span> <span class='ocrx_word' id='word_1_41' title='bbox 852 1535 1065 1600; x_wconf 84' lang='lat' dir='ltr'>nihilominus</span> <span class='ocrx_word' id='word_1_42' title='bbox 1097 1557 1259 1620; x_wconf 86' lang='lat' dir='ltr'>respuere,</span> 
     </span>
     <span class='ocr_line' id='line_1_8' title="bbox 51 1641 1260 1730; baseline -0.002 -24"><span class='ocrx_word' id='word_1_43' title='bbox 51 1659 155 1727; x_wconf 43' lang='lat' dir='ltr'>*quac</span> <span class='ocrx_word' id='word_1_44' title='bbox 175 1641 378 1706; x_wconf 87' lang='lat' dir='ltr'>videbuntur</span> <span class='ocrx_word' id='word_1_45' title='bbox 394 1641 546 1706; x_wconf 89' lang='lat' dir='ltr'>obsooena</span> <span class='ocrx_word' id='word_1_46' title='bbox 565 1644 623 1726; x_wconf 81' lang='lat'>(1).</span> <span class='ocrx_word' id='word_1_47' title='bbox 641 1643 811 1728; x_wconf 88' lang='lat' dir='ltr'>Perpende</span> <span class='ocrx_word' id='word_1_48' title='bbox 827 1645 939 1728; x_wconf 84' lang='lat' dir='ltr'>igitur,</span> <span class='ocrx_word' id='word_1_49' title='bbox 951 1645 1028 1730; x_wconf 90' lang='lat' dir='ltr'>quia</span> <span class='ocrx_word' id='word_1_50' title='bbox 1048 1645 1133 1706; x_wconf 88' lang='lat' dir='ltr'>siout</span> <span class='ocrx_word' id='word_1_51' title='bbox 1153 1662 1260 1717; x_wconf 88' lang='lat' dir='ltr'>omne,</span> 
     </span>
     <span class='ocr_line' id='line_1_9' title="bbox 57 1748 1261 1836; baseline -0.002 -22"><span class='ocrx_word' id='word_1_52' title='bbox 57 1749 172 1834; x_wconf 66' lang='lat' dir='ltr'>quod</span> <span class='ocrx_word' id='word_1_53' title='bbox 197 1749 331 1836; x_wconf 89' lang='lat' dir='ltr'>dicitur,</span> <span class='ocrx_word' id='word_1_54' title='bbox 354 1749 523 1833; x_wconf 84' lang='lat' dir='ltr'>scribitur,</span> <span class='ocrx_word' id='word_1_55' title='bbox 547 1751 593 1813; x_wconf 89' lang='lat' dir='ltr'>ita</span> <span class='ocrx_word' id='word_1_56' title='bbox 617 1750 659 1813; x_wconf 91' lang='lat' dir='ltr'>ad</span> <span class='ocrx_word' id='word_1_57' title='bbox 692 1762 826 1814; x_wconf 83' lang='lat' dir='ltr'>cantum</span> <span class='ocrx_word' id='word_1_58' title='bbox 860 1750 1019 1836; x_wconf 87' lang='lat' dir='ltr'>redigitur</span> <span class='ocrx_word' id='word_1_59' title='bbox 1043 1771 1148 1834; x_wconf 86' lang='lat' dir='ltr'>omne,</span> <span class='ocrx_word' id='word_1_60' title='bbox 1173 1748 1261 1835; x_wconf 92' lang='lat' dir='ltr'>quod</span> 
     </span>
     <span class='ocr_line' id='line_1_10' title="bbox 66 1855 1262 1942; baseline 0.002 -24"><span class='ocrx_word' id='word_1_61' title='bbox 66 1856 254 1922; x_wconf 70' lang='lat' dir='ltr'>scribitur.</span> <span class='ocrx_word' id='word_1_62' title='bbox 279 1855 418 1921; x_wconf 81' lang='lat' dir='ltr'>Oanitur</span> <span class='ocrx_word' id='word_1_63' title='bbox 441 1879 518 1941; x_wconf 87' lang='lat' dir='ltr'>ergo</span> <span class='ocrx_word' id='word_1_64' title='bbox 547 1879 652 1937; x_wconf 88' lang='lat' dir='ltr'>omne,</span> <span class='ocrx_word' id='word_1_65' title='bbox 678 1856 763 1941; x_wconf 90' lang='lat' dir='ltr'>quod</span> <span class='ocrx_word' id='word_1_66' title='bbox 794 1857 926 1938; x_wconf 92' lang='lat' dir='ltr'>dicitur,</span> <span class='ocrx_word' id='word_1_67' title='bbox 955 1860 1120 1942; x_wconf 87' lang='lat' dir='ltr'>scriptura</span> <span class='ocrx_word' id='word_1_68' title='bbox 1153 1866 1262 1920; x_wconf 89' lang='lat' dir='ltr'>autem</span> 
     </span>
     <span class='ocr_line' id='line_1_11' title="bbox 75 1959 1261 2049; baseline 0 -23"><span class='ocrx_word' id='word_1_69' title='bbox 75 1959 206 2028; x_wconf 79' lang='lat' dir='ltr'>litteris</span> <span class='ocrx_word' id='word_1_70' title='bbox 229 1963 402 2048; x_wconf 84' lang='lat' dir='ltr'>figuratur.</span> <span class='ocrx_word' id='word_1_71' title='bbox 422 1963 486 2028; x_wconf 86' lang='lat' dir='ltr'>Sed</span> <span class='ocrx_word' id='word_1_72' title='bbox 506 1986 546 2027; x_wconf 89' lang='lat' dir='ltr'>ne</span> <span class='ocrx_word' id='word_1_73' title='bbox 566 1965 600 2026; x_wconf 91' lang='lat' dir='ltr'>in</span> <span class='ocrx_word' id='word_1_74' title='bbox 622 1963 755 2048; x_wconf 84' lang='lat' dir='ltr'>longum</span> <span class='ocrx_word' id='word_1_75' title='bbox 777 1964 891 2049; x_wconf 86' lang='lat' dir='ltr'>regula</span> <span class='ocrx_word' id='word_1_76' title='bbox 914 1974 1026 2027; x_wconf 88' lang='lat' dir='ltr'>nostra</span> <span class='ocrx_word' id='word_1_77' title='bbox 1050 1963 1261 2049; x_wconf 79' lang='lat' dir='ltr'>producatur,</span> 
     </span>
     <span class='ocr_line' id='line_1_12' title="bbox 78 2068 1262 2157; baseline -0.001 -24"><span class='ocrx_word' id='word_1_78' title='bbox 78 2093 139 2136; x_wconf 74' lang='lat' dir='ltr'>seor</span> <span class='ocrx_word' id='word_1_79' title='bbox 165 2073 215 2134; x_wconf 81' lang='lat' dir='ltr'>iris</span> <span class='ocrx_word' id='word_1_80' title='bbox 239 2071 276 2133; x_wconf 83' lang='lat' dir='ltr'>de</span> <span class='ocrx_word' id='word_1_81' title='bbox 295 2071 342 2153; x_wconf 73' lang='lat'>(2)</span> <span class='ocrx_word' id='word_1_82' title='bbox 369 2069 489 2135; x_wconf 87' lang='lat' dir='ltr'>litteris</span> <span class='ocrx_word' id='word_1_83' title='bbox 512 2073 657 2157; x_wconf 87' lang='lat' dir='ltr'>quinque</span> <span class='ocrx_word' id='word_1_84' title='bbox 681 2078 809 2134; x_wconf 90' lang='lat' dir='ltr'>tantum</span> <span class='ocrx_word' id='word_1_85' title='bbox 833 2068 962 2134; x_wconf 92' lang='lat' dir='ltr'>vocales</span> <span class='ocrx_word' id='word_1_86' title='bbox 987 2092 1163 2153; x_wconf 82' lang='lat' dir='ltr'>sumamus,</span> <span class='ocrx_word' id='word_1_87' title='bbox 1194 2071 1262 2133; x_wconf 88' lang='lat' dir='ltr'>sine</span> 
     </span>
     <span class='ocr_line' id='line_1_13' title="bbox 80 2175 1260 2264; baseline -0.002 -22"><span class='ocrx_word' id='word_1_88' title='bbox 80 2177 208 2264; x_wconf 77' lang='lat' dir='ltr'>quibus</span> <span class='ocrx_word' id='word_1_89' title='bbox 232 2176 324 2241; x_wconf 89' lang='lat' dir='ltr'>nulla</span> <span class='ocrx_word' id='word_1_90' title='bbox 346 2177 411 2240; x_wconf 89' lang='lat' dir='ltr'>alia</span> <span class='ocrx_word' id='word_1_91' title='bbox 434 2178 553 2260; x_wconf 86' lang='lat' dir='ltr'>littera,</span> <span class='ocrx_word' id='word_1_92' title='bbox 574 2177 630 2241; x_wconf 92' lang='lat' dir='ltr'>sed</span> <span class='ocrx_word' id='word_1_93' title='bbox 648 2199 708 2240; x_wconf 88' lang='lat' dir='ltr'>nec</span> <span class='ocrx_word' id='word_1_94' title='bbox 727 2175 856 2261; x_wconf 83' lang='lat' dir='ltr'>syllaba</span> <span class='ocrx_word' id='word_1_95' title='bbox 880 2198 995 2240; x_wconf 88' lang='lat' dir='ltr'>sonare</span> <span class='ocrx_word' id='word_1_96' title='bbox 1020 2176 1188 2262; x_wconf 88' lang='lat' dir='ltr'>probatur,</span> <span class='ocrx_word' id='word_1_97' title='bbox 1209 2199 1260 2240; x_wconf 88' lang='lat' dir='ltr'>ea·</span> 
     </span>
     <span class='ocr_line' id='line_1_14' title="bbox 88 2283 1261 2371; baseline 0 -25"><span class='ocrx_word' id='word_1_98' title='bbox 88 2306 224 2371; x_wconf 86' lang='lat' dir='ltr'>rumque</span> <span class='ocrx_word' id='word_1_99' title='bbox 258 2285 461 2368; x_wconf 88' lang='lat' dir='ltr'>permaxime</span> <span class='ocrx_word' id='word_1_100' title='bbox 503 2306 602 2347; x_wconf 88' lang='lat' dir='ltr'>causa</span> <span class='ocrx_word' id='word_1_101' title='bbox 634 2283 816 2365; x_wconf 88' lang='lat' dir='ltr'>conficitur,</span> <span class='ocrx_word' id='word_1_102' title='bbox 852 2283 1117 2368; x_wconf 85' lang='lat' dir='ltr'>quotiescumque</span> <span class='ocrx_word' id='word_1_103' title='bbox 1151 2283 1261 2346; x_wconf 90' lang='lat' dir='ltr'>suavis</span> 
     </span>
     <span class='ocr_line' id='line_1_15' title="bbox 87 2390 1261 2478; baseline -0.004 -19"><span class='ocrx_word' id='word_1_104' title='bbox 87 2393 263 2459; x_wconf 84' lang='lat' dir='ltr'>eoncordia</span> <span class='ocrx_word' id='word_1_105' title='bbox 283 2395 316 2456; x_wconf 90' lang='lat' dir='ltr'>iu</span> <span class='ocrx_word' id='word_1_106' title='bbox 333 2391 472 2456; x_wconf 88' lang='lat' dir='ltr'>diversis</span> <span class='ocrx_word' id='word_1_107' title='bbox 488 2391 639 2478; x_wconf 88' lang='lat' dir='ltr'>partibus</span> <span class='ocrx_word' id='word_1_108' title='bbox 657 2392 834 2472; x_wconf 85' lang='lat' dir='ltr'>invenitur,</span> <span class='ocrx_word' id='word_1_109' title='bbox 846 2393 931 2455; x_wconf 91' lang='lat' dir='ltr'>siout</span> <span class='ocrx_word' id='word_1_110' title='bbox 949 2412 1094 2476; x_wconf 83' lang='lat' dir='ltr'>persaepe</span> <span class='ocrx_word' id='word_1_111' title='bbox 1112 2390 1261 2454; x_wconf 87' lang='lat' dir='ltr'>videmus</span> 
     </span>
     <span class='ocr_line' id='line_1_16' title="bbox 83 2498 1261 2584; baseline -0.004 -19"><span class='ocrx_word' id='word_1_112' title='bbox 83 2523 244 2566; x_wconf 84' lang='lat' dir='ltr'>consonos</span> <span class='ocrx_word' id='word_1_113' title='bbox 267 2504 292 2561; x_wconf 70' lang='lat' dir='ltr'>d</span> <span class='ocrx_word' id='word_1_114' title='bbox 315 2499 446 2564; x_wconf 89' lang='lat' dir='ltr'>sibimet</span> <span class='ocrx_word' id='word_1_115' title='bbox 470 2500 665 2563; x_wconf 89' lang='lat' dir='ltr'>alterutrum</span> <span class='ocrx_word' id='word_1_116' title='bbox 689 2498 923 2584; x_wconf 82' lang='lat' dir='ltr'>respondentes</span> <span class='ocrx_word' id='word_1_117' title='bbox 945 2521 1059 2562; x_wconf 89' lang='lat' dir='ltr'>versus</span> <span class='ocrx_word' id='word_1_118' title='bbox 1083 2499 1117 2561; x_wconf 90' lang='lat' dir='ltr'>in</span> <span class='ocrx_word' id='word_1_119' title='bbox 1137 2498 1261 2578; x_wconf 88' lang='lat' dir='ltr'>metris,</span> 
     </span>
     <span class='ocr_line' id='line_1_17' title="bbox 88 2605 1261 2694; baseline -0.004 -21"><span class='ocrx_word' id='word_1_120' title='bbox 88 2619 123 2673; x_wconf 90' lang='lat' dir='ltr'>ut</span> <span class='ocrx_word' id='word_1_121' title='bbox 147 2608 325 2694; x_wconf 87' lang='lat' dir='ltr'>quamdam</span> <span class='ocrx_word' id='word_1_122' title='bbox 349 2608 441 2693; x_wconf 87' lang='lat' dir='ltr'>quasi</span> <span class='ocrx_word' id='word_1_123' title='bbox 461 2606 689 2691; x_wconf 89' lang='lat' dir='ltr'>symphoniam</span> <span class='ocrx_word' id='word_1_124' title='bbox 709 2607 931 2690; x_wconf 77' lang='lat' dir='ltr'>grammaticae</span> <span class='ocrx_word' id='word_1_125' title='bbox 951 2605 1135 2669; x_wconf 86' lang='lat' dir='ltr'>admireris.</span> <span class='ocrx_word' id='word_1_126' title='bbox 1157 2605 1217 2670; x_wconf 86' lang='lat' dir='ltr'>Cui</span> <span class='ocrx_word' id='word_1_127' title='bbox 1234 2606 1261 2668; x_wconf 90' lang='lat' dir='ltr'>si</span> 
     </span>
     <span class='ocr_line' id='line_1_18' title="bbox 89 2711 1262 2799; baseline -0.002 -21"><span class='ocrx_word' id='word_1_128' title='bbox 89 2717 214 2778; x_wconf 86' lang='lat' dir='ltr'>musica</span> <span class='ocrx_word' id='word_1_129' title='bbox 238 2715 446 2799; x_wconf 88' lang='lat' dir='ltr'>responsione</span> <span class='ocrx_word' id='word_1_130' title='bbox 470 2712 567 2776; x_wconf 89' lang='lat' dir='ltr'>simili</span> <span class='ocrx_word' id='word_1_131' title='bbox 605 2714 770 2798; x_wconf 86' lang='lat' dir='ltr'>iungatur,</span> <span class='ocrx_word' id='word_1_132' title='bbox 796 2711 919 2797; x_wconf 82' lang='lat' dir='ltr'>duplici</span> <span class='ocrx_word' id='word_1_133' title='bbox 954 2711 1176 2776; x_wconf 90' lang='lat' dir='ltr'>modulatione</span> <span class='ocrx_word' id='word_1_134' title='bbox 1207 2712 1262 2776; x_wconf 92' lang='lat' dir='ltr'>de-</span> 
     </span>
     <span class='ocr_line' id='line_1_19' title="bbox 83 2820 230 2886; baseline -0.014 0"><span class='ocrx_word' id='word_1_135' title='bbox 83 2820 230 2886; x_wconf 83' lang='lat' dir='ltr'>lecteris.</span> 
     </span>
    </p>

    <p class='ocr_par' dir='ltr' id='par_1_6' title="bbox 81 2910 1265 3435">
     <span class='ocr_line' id='line_1_20' title="bbox 114 2910 1261 3012; baseline -0.003 -20"><span class='ocrx_word' id='word_1_136' title='bbox 114 2910 203 2992; x_wconf 90' lang='lat' dir='ltr'>Has</span> <span class='ocrx_word' id='word_1_137' title='bbox 227 2930 337 3012; x_wconf 88' lang='lat' dir='ltr'>itaque</span> <span class='ocrx_word' id='word_1_138' title='bbox 361 2928 505 3012; x_wconf 90' lang='lat' dir='ltr'>quinquo</span> <span class='ocrx_word' id='word_1_139' title='bbox 528 2926 658 2990; x_wconf 89' lang='lat' dir='ltr'>vocales</span> <span class='ocrx_word' id='word_1_140' title='bbox 682 2948 858 3007; x_wconf 87' lang='lat' dir='ltr'>sumamus,</span> <span class='ocrx_word' id='word_1_141' title='bbox 876 2925 1014 2989; x_wconf 82' lang='lat' dir='ltr'>forsitan</span> <span class='ocrx_word' id='word_1_142' title='bbox 1034 2948 1108 2989; x_wconf 89' lang='lat' dir='ltr'>cum</span> <span class='ocrx_word' id='word_1_143' title='bbox 1133 2935 1261 2990; x_wconf 91' lang='lat' dir='ltr'>tantum</span> 
     </span>
     <span class='ocr_line' id='line_1_21' title="bbox 82 3032 1264 3119; baseline -0.001 -18"><span class='ocrx_word' id='word_1_144' title='bbox 82 3034 269 3101; x_wconf 81' lang='lat' dir='ltr'>concordiae</span> <span class='ocrx_word' id='word_1_145' title='bbox 285 3034 437 3098; x_wconf 88' lang='lat' dir='ltr'>tribuunt</span> <span class='ocrx_word' id='word_1_146' title='bbox 456 3032 576 3115; x_wconf 84' lang='lat' dir='ltr'>verbis,</span> <span class='ocrx_word' id='word_1_147' title='bbox 600 3056 667 3097; x_wconf 90' lang='lat' dir='ltr'>non</span> <span class='ocrx_word' id='word_1_148' title='bbox 689 3035 797 3097; x_wconf 89' lang='lat' dir='ltr'>minus</span> <span class='ocrx_word' id='word_1_149' title='bbox 822 3033 994 3097; x_wconf 86' lang='lat' dir='ltr'>cantilenae</span> <span class='ocrx_word' id='word_1_150' title='bbox 1019 3033 1264 3119; x_wconf 77' lang='lat' dir='ltr'>praestabunt&amp;</span> 
     </span>
     <span class='ocr_line' id='line_1_22' title="bbox 83 3139 1264 3225; baseline -0.003 -18"><span class='ocrx_word' id='word_1_151' title='bbox 83 3143 226 3207; x_wconf 89' lang='lat' dir='ltr'>neumis.</span> <span class='ocrx_word' id='word_1_152' title='bbox 243 3141 479 3225; x_wconf 86' lang='lat' dir='ltr'>Supponantur</span> <span class='ocrx_word' id='word_1_153' title='bbox 494 3141 606 3225; x_wconf 90' lang='lat' dir='ltr'>itaque</span> <span class='ocrx_word' id='word_1_154' title='bbox 623 3140 844 3224; x_wconf 89' lang='lat' dir='ltr'>perordinem</span> <span class='ocrx_word' id='word_1_155' title='bbox 863 3140 981 3204; x_wconf 88' lang='lat' dir='ltr'>litteris</span> <span class='ocrx_word' id='word_1_156' title='bbox 1004 3139 1205 3221; x_wconf 86' lang='lat' dir='ltr'>monchordi,</span> <span class='ocrx_word' id='word_1_157' title='bbox 1231 3149 1264 3203; x_wconf 90' lang='lat' dir='ltr'>et</span> 
     </span>
     <span class='ocr_line' id='line_1_23' title="bbox 81 3247 1265 3335; baseline -0.003 -22"><span class='ocrx_word' id='word_1_158' title='bbox 81 3250 165 3335; x_wconf 82' lang='lat' dir='ltr'>quia</span> <span class='ocrx_word' id='word_1_159' title='bbox 190 3250 334 3334; x_wconf 90' lang='lat' dir='ltr'>quinque</span> <span class='ocrx_word' id='word_1_160' title='bbox 351 3256 478 3310; x_wconf 87' lang='lat' dir='ltr'>tautum</span> <span class='ocrx_word' id='word_1_161' title='bbox 496 3257 581 3329; x_wconf 85' lang='lat' dir='ltr'>suut,</span> <span class='ocrx_word' id='word_1_162' title='bbox 599 3247 725 3311; x_wconf 91' lang='lat' dir='ltr'>tamdiu</span> <span class='ocrx_word' id='word_1_163' title='bbox 741 3256 943 3333; x_wconf 89' lang='lat' dir='ltr'>repetantur,</span> <span class='ocrx_word' id='word_1_164' title='bbox 961 3247 1063 3310; x_wconf 89' lang='lat' dir='ltr'>donec</span> <span class='ocrx_word' id='word_1_165' title='bbox 1084 3248 1265 3332; x_wconf 85' lang='lat' dir='ltr'>unicuique</span> 
     </span>
     <span class='ocr_line' id='line_1_24' title="bbox 82 3352 864 3435; baseline -0.004 -16"><span class='ocrx_word' id='word_1_166' title='bbox 82 3379 165 3420; x_wconf 86' lang='lat' dir='ltr'>sono</span> <span class='ocrx_word' id='word_1_167' title='bbox 185 3379 245 3418; x_wconf 90' lang='lat' dir='ltr'>sua</span> <span class='ocrx_word' id='word_1_168' title='bbox 269 3352 493 3418; x_wconf 87' lang='lat' dir='ltr'>subscribatur</span> <span class='ocrx_word' id='word_1_169' title='bbox 518 3353 648 3435; x_wconf 88' lang='lat' dir='ltr'>vocalis,</span> <span class='ocrx_word' id='word_1_170' title='bbox 667 3353 727 3417; x_wconf 87' lang='lat' dir='ltr'>boo</span> <span class='ocrx_word' id='word_1_171' title='bbox 751 3353 864 3417; x_wconf 90' lang='lat' dir='ltr'>modo:</span> 
     </span>
    </p>
   </div>
   <div class='ocr_carea' id='block_1_5' title="bbox 259 3501 1075 3755">
    <p class='ocr_par' dir='ltr' id='par_1_7' title="bbox 259 3501 1075 3755">
     <span class='ocr_line' id='line_1_25' title="bbox 927 3501 1075 3558; baseline 0 -1"><span class='ocrx_word' id='word_1_172' title='bbox 927 3501 977 3558; x_wconf 84' lang='lat' dir='ltr'>ab</span> <span class='ocrx_word' id='word_1_173' title='bbox 1016 3501 1075 3558; x_wconf 87' lang='lat' dir='ltr'>cd.</span> 
     </span>
     <span class='ocr_line' id='line_1_26' title="bbox 259 3505 1075 3673; baseline -0.001 -16"><span class='ocrx_word' id='word_1_174' title='bbox 259 3597 283 3657; x_wconf 90' lang='grc' dir='ltr'>Γ</span> <span class='ocrx_word' id='word_1_175' title='bbox 318 3601 592 3656; x_wconf 72' lang='grc' dir='ltr'><strong><em>ΑΒΟΜΜ.</em></strong></span> <span class='ocrx_word' id='word_1_176' title='bbox 645 3599 884 3673; x_wconf 69' lang='lat' dir='ltr'>abtcdefp.</span> <span class='ocrx_word' id='word_1_177' title='bbox 927 3505 1075 3673; x_wconf 61' lang='lat' dir='ltr'>abiret.</span> 
     </span>
     <span class='ocr_line' id='line_1_27' title="bbox 262 3713 1070 3755; baseline -0.004 0"><span class='ocrx_word' id='word_1_178' title='bbox 262 3713 580 3755; x_wconf 72' lang='lat' dir='ltr'>aesomnes</span> <span class='ocrx_word' id='word_1_179' title='bbox 646 3714 880 3755; x_wconf 72' lang='lat' dir='ltr'>oaaeroa.</span> <span class='ocrx_word' id='word_1_180' title='bbox 931 3713 1070 3753; x_wconf 80' lang='lat' dir='ltr'>aero</span> 
     </span>
    </p>
   </div>
   <div class='ocr_carea' id='block_1_6' title="bbox 80 3844 1269 4251">
    <p class='ocr_par' dir='ltr' id='par_1_8' title="bbox 80 3844 1269 4251">
     <span class='ocr_line' id='line_1_28' title="bbox 132 3844 1263 3932; baseline -0.001 -22"><span class='ocrx_word' id='word_1_181' title='bbox 132 3847 173 3910; x_wconf 91' lang='lat' dir='ltr'>In</span> <span class='ocrx_word' id='word_1_182' title='bbox 198 3867 262 3931; x_wconf 87' lang='lat' dir='ltr'>qua</span> <span class='ocrx_word' id='word_1_183' title='bbox 287 3845 509 3931; x_wconf 88' lang='lat' dir='ltr'>descriptione</span> <span class='ocrx_word' id='word_1_184' title='bbox 532 3846 566 3909; x_wconf 90' lang='lat' dir='ltr'>id</span> <span class='ocrx_word' id='word_1_185' title='bbox 590 3844 684 3909; x_wconf 93' lang='lat' dir='ltr'>modo</span> <span class='ocrx_word' id='word_1_186' title='bbox 709 3847 885 3931; x_wconf 85' lang='lat' dir='ltr'>perpende,</span> <span class='ocrx_word' id='word_1_187' title='bbox 906 3847 982 3930; x_wconf 91' lang='lat' dir='ltr'>quia</span> <span class='ocrx_word' id='word_1_188' title='bbox 1001 3867 1076 3909; x_wconf 91' lang='lat' dir='ltr'>cum</span> <span class='ocrx_word' id='word_1_189' title='bbox 1096 3845 1146 3908; x_wconf 88' lang='lat' dir='ltr'>his</span> <span class='ocrx_word' id='word_1_190' title='bbox 1170 3848 1263 3932; x_wconf 90' lang='lat' dir='ltr'>quin·</span> 
     </span>
     <span class='ocr_line' id='line_1_29' title="bbox 80 3950 1265 4040; baseline -0.001 -23"><span class='ocrx_word' id='word_1_191' title='bbox 80 3977 150 4040; x_wconf 85' lang='lat' dir='ltr'>que</span> <span class='ocrx_word' id='word_1_192' title='bbox 175 3953 296 4017; x_wconf 88' lang='lat' dir='ltr'>litteris</span> <span class='ocrx_word' id='word_1_193' title='bbox 320 3954 424 4015; x_wconf 90' lang='lat' dir='ltr'>omnis</span> <span class='ocrx_word' id='word_1_194' title='bbox 448 3950 566 4016; x_wconf 90' lang='lat' dir='ltr'>locutio</span> <span class='ocrx_word' id='word_1_195' title='bbox 587 3964 766 4035; x_wconf 83' lang='lat' dir='ltr'>moveatur,</span> <span class='ocrx_word' id='word_1_196' title='bbox 787 3953 910 4017; x_wconf 90' lang='lat' dir='ltr'>moveri</span> <span class='ocrx_word' id='word_1_197' title='bbox 926 3974 1052 4039; x_wconf 88' lang='lat' dir='ltr'>quoque</span> <span class='ocrx_word' id='word_1_198' title='bbox 1072 3955 1099 4015; x_wconf 80' lang='lat' dir='ltr'>dc</span> <span class='ocrx_word' id='word_1_199' title='bbox 1120 3954 1265 4039; x_wconf 90' lang='lat' dir='ltr'>quinque</span> 
     </span>
     <span class='ocr_line' id='line_1_30' title="bbox 85 4057 1268 4144; baseline -0.002 -19"><span class='ocrx_word' id='word_1_200' title='bbox 85 4083 185 4125; x_wconf 89' lang='lat' dir='ltr'>voces</span> <span class='ocrx_word' id='word_1_201' title='bbox 209 4059 252 4124; x_wconf 91' lang='lat' dir='ltr'>ad</span> <span class='ocrx_word' id='word_1_202' title='bbox 277 4081 311 4122; x_wconf 91' lang='lat' dir='ltr'>se</span> <span class='ocrx_word' id='word_1_203' title='bbox 335 4059 486 4139; x_wconf 89' lang='lat' dir='ltr'>invicem,</span> <span class='ocrx_word' id='word_1_204' title='bbox 506 4068 542 4122; x_wconf 89' lang='lat' dir='ltr'>ut</span> <span class='ocrx_word' id='word_1_205' title='bbox 573 4059 728 4141; x_wconf 84' lang='lat' dir='ltr'>diximus,</span> <span class='ocrx_word' id='word_1_206' title='bbox 755 4081 818 4122; x_wconf 91' lang='lat' dir='ltr'>non</span> <span class='ocrx_word' id='word_1_207' title='bbox 838 4068 986 4144; x_wconf 86' lang='lat' dir='ltr'>negetur.</span> <span class='ocrx_word' id='word_1_208' title='bbox 1004 4057 1098 4138; x_wconf 78' lang='lat' dir='ltr'>Quod</span> <span class='ocrx_word' id='word_1_209' title='bbox 1123 4083 1198 4123; x_wconf 86' lang='lat' dir='ltr'>oum</span> <span class='ocrx_word' id='word_1_210' title='bbox 1219 4062 1268 4124; x_wconf 88' lang='lat' dir='ltr'>ita</span> 
     </span>
     <span class='ocr_line' id='line_1_31' title="bbox 80 4165 1269 4251; baseline -0.001 -19"><span class='ocrx_word' id='word_1_211' title='bbox 80 4170 139 4249; x_wconf 81' lang='lat' dir='ltr'>sit,</span> <span class='ocrx_word' id='word_1_212' title='bbox 165 4188 332 4230; x_wconf 90' lang='lat' dir='ltr'>sumamus</span> <span class='ocrx_word' id='word_1_213' title='bbox 356 4166 449 4230; x_wconf 92' lang='lat' dir='ltr'>modo</span> <span class='ocrx_word' id='word_1_214' title='bbox 474 4165 619 4250; x_wconf 89' lang='lat' dir='ltr'>aliquam</span> <span class='ocrx_word' id='word_1_215' title='bbox 643 4166 850 4247; x_wconf 87' lang='lat' dir='ltr'>locutionem,</span> <span class='ocrx_word' id='word_1_216' title='bbox 876 4167 1009 4250; x_wconf 92' lang='lat' dir='ltr'>eiusque</span> <span class='ocrx_word' id='word_1_217' title='bbox 1033 4166 1180 4251; x_wconf 83' lang='lat' dir='ltr'>syllabas</span> <span class='ocrx_word' id='word_1_218' title='bbox 1204 4168 1269 4231; x_wconf 92' lang='lat' dir='ltr'>illis</span> 
     </span>
    </p>
   </div>
   <div class='ocr_carea' id='block_1_7' title="bbox 122 4360 594 4523">
    <p class='ocr_par' dir='ltr' id='par_1_9' title="bbox 122 4360 594 4523">
     <span class='ocr_line' id='line_1_32' title="bbox 123 4360 347 4434; baseline 0.004 -19"><span class='ocrx_word' id='word_1_219' title='bbox 123 4363 168 4434; x_wconf 72' lang='grc'>(1)</span> <span class='ocrx_word' id='word_1_220' title='bbox 187 4361 210 4428; x_wconf 75' lang='lat' dir='ltr'>f.</span> <span class='ocrx_word' id='word_1_221' title='bbox 229 4360 347 4416; x_wconf 88' lang='lat' dir='ltr'>absona.</span> 
     </span>
     <span class='ocr_line' id='line_1_33' title="bbox 122 4450 594 4523; baseline 0.002 -19"><span class='ocrx_word' id='word_1_222' title='bbox 122 4452 168 4523; x_wconf 81' lang='lat'>(2)</span> <span class='ocrx_word' id='word_1_223' title='bbox 190 4450 300 4518; x_wconf 87' lang='lat' dir='ltr'>Melius,</span> <span class='ocrx_word' id='word_1_224' title='bbox 318 4469 352 4506; x_wconf 80' lang='lat' dir='ltr'>ea</span> <span class='ocrx_word' id='word_1_225' title='bbox 369 4451 466 4506; x_wconf 83' lang='lat' dir='ltr'>iisdem</span> <span class='ocrx_word' id='word_1_226' title='bbox 486 4452 594 4507; x_wconf 81' lang='lat' dir='ltr'>litteris.</span> 
     </span>
    </p>
   </div>
   <div class='ocr_carea' id='block_1_8' title="bbox 0 0 1578 5144">
    <p class='ocr_par' dir='ltr' id='par_1_10' title="bbox 0 0 1578 5144">
     <span class='ocr_line' id='line_1_34' title="bbox 0 0 1578 5144; baseline 0 0"><span class='ocrx_word' id='word_1_227' title='bbox 0 0 1578 5144; x_wconf 95' lang='lat' dir='ltr'> </span> 
     </span>
    </p>
   </div>
  </div>
 </body>
</html>
