3120 5144
298 398 351 454 448
745 395 859 451 GUIDO
878 395 1039 450 assumo
1090 451 1093 459 ,

340 544 518 622 Quocunque
533 563 604 622 ergo
619 544 715 604 simile
734 542 913 620 principium
933 542 1094 602 habuerint
1107 542 1138 601 in
1152 543 1205 602 hao
1226 543 1412 619 aptabuntur
1432 541 1489 599 for·

300 646 393 716 mula;
414 644 463 704 sed
483 645 537 703 hee
556 644 659 704 eadem
680 642 807 726 formula
827 643 943 703 obtinet
963 642 1054 702 alium
1077 640 1266 718 principium.
1288 640 1352 711 Qua
1382 639 1414 698 in
1445 638 1489 696 his

300 741 426 819 quidem,
435 762 500 820 -que
522 742 660 819 premisse
685 744 755 802 sunt
779 745 823 801 est
849 742 997 819 preposita
1015 759 1067 818 per·
1087 739 1237 812 ditonum3
1260 739 1291 797 in
1311 739 1358 798 his
1379 737 1488 810 autem,

301 860 357 916 que
377 845 551 916 sequuntur,
572 841 725 917 supposita
747 859 799 917 per
820 839 1017 912 semitonium,
1040 841 1179 916 utpote:

782 973 843 1033 Iter
864 975 959 1032 natos.

784 1069 831 1130 Sic
852 1090 918 1130 eum
941 1071 1018 1130 volo.

785 1170 930 1230 Dominus
951 1189 1011 1230 rex.

309 1347 312 1351 ,
382 1289 420 1347 Et
441 1291 535 1348 cetere
556 1287 738 1347 adeundam
766 1284 896 1346 modum.

881 1456 909 1514 Il

299 1609 1488 1786 effi-2&

564 1788 664 1849 Gloria
975 1790 1142 1849 seculorum
1313 1808 1408 1848 amen.

302 1940 333 1999 si
355 1941 422 2017 quis
443 1940 543 2017 diligit
564 1960 619 2000 me.
912 1939 969 2011 Qui
991 1941 1128 2017 sequitur
1149 1960 1204 1999 me.

302 2039 378 2099 Cum
398 2042 472 2099 esset
492 2058 545 2098 rex
566 2039 597 2098 in
618 2040 762 2100 aceubitu.
915 2040 953 2099 Dt
975 2040 1100 2100 intravit
1121 2060 1188 2099 oum
1210 2039 1279 2100 illie.

302 2138 497 2198 Meroenerius
519 2141 572 2198 est.
915 2139 992 2197 Anto
1014 2138 1090 2198 diem
1113 2138 1230 2198 festum.

303 2236 376 2296 Dum
397 2236 482 2295 fortis
504 2240 646 2298 armatus
918 2236 1073 2296 laetamini.

302 2334 385 2393 siin
407 2333 502 2409 digito
524 2334 580 2394 dei.

344 2468 419 2527 Item
440 2468 471 2527 in
493 2469 594 2530 eadem
615 2471 741 2531 formula
762 2471 964 2532 absimilitudo
985 2469 1167 2547 parvissima.

285 2618 288 2623 ’
306 2611 415 2690 alliga,
430 2612 561 2672 Domine.
919 2615 1046 2693 Symeon
1057 2617 1165 2692 justus.

304 2710 431 2770 Adhesit
446 2713 555 2770 anima.
918 2715 1071 2791 Accipiens
1093 2713 1228 2790 Symeon.

878 2902 921 2961 lII

302 3098 318 3105 ·
340 3089 1487 3205 *tm-W
1419 3135 1487 3180 Ξ

464 3163 818 3182 ffl—lss—

495 3221 595 3281 Gloria
856 3225 1021 3284 seculorum
1242 3243 1338 3282 amen.

305 3364 386 3423 Tolle
407 3385 542 3441 puerum.
918 3366 991 3426 Dum
1012 3369 1132 3444 repente

304 3462 412 3521 Fidelis
434 3481 545 3524 servus.
916 3466 1013 3525 Homo
1035 3465 1157 3542 quidam
1177 3464 1255 3524 feeit.

304 3561 435 3621 Herodes
457 3563 534 3622 enim
556 3563 661 3624 tenuit.
854 3621 857 3627 ,
914 3565 1038 3624 Domine
1060 3564 1165 3641 patior.

306 3664 399 3722 Malos
420 3666 505 3726 male.
683 3665 689 3676 ⁰
916 3665 1081 3724 Jerusalem
1101 3665 1275 3725 Jerusalem.
1338 3736 1341 3742 .

303 3761 366 3838 Ego
388 3779 452 3821 sum
474 3772 574 3839 pastor
594 3765 700 3823 bonne.
847 3763 851 3771 “
921 3762 966 3821 Tu
987 3762 1149 3835 Bethleem.

303 3859 407 3918 Juslus
428 3881 593 3922 corsuum.
915 3861 1042 3920 Domine
1064 3859 1194 3936 probasti

306 3957 364 4018 Hie
386 3961 429 4018 est
450 3960 611 4038 discipulus
917 3958 1022 4019 Omnia
1043 3975 1228 4034 quecumque

304 4054 442 4125 Qerentes
464 4077 541 4115 eum.
918 4042 1013 4126 Quem
1033 4056 1062 4114 in
1085 4058 1217 4114 eternum

306 4151 455 4212 Elisabeth
476 4153 620 4214 Zacharia.

346 4302 421 4363 Sunt
451 4307 583 4380 preterea
604 4306 731 4382 plurime
751 4306 980 4383 antiphonarum
1004 4324 1059 4382 que
1083 4305 1176 4381 hujus
1201 4305 1342 4365 videntur
1367 4304 1483 4365 formula

306 4419 373 4461 oum
395 4403 455 4462 sint
474 4422 509 4470 ex
530 4406 651 4464 autento
665 4408 750 4482 proto
764 4408 793 4464 et
807 4403 904 4481 prima
918 4418 1003 4476 vooe;
1024 4400 1066 4462 sie
1086 4406 1145 4463 est:
1170 4405 1289 4462 Pulcra
1303 4420 1344 4473 es,
1367 4408 1398 4464 et
1418 4403 1484 4462 inter

306 4516 379 4576 quas
400 4499 521 4577 quidam
541 4502 653 4563 autenti
681 4501 794 4565 deuteri
821 4501 942 4572 faciunt,
972 4519 1029 4564 non
1057 4500 1130 4564 bene
1157 4502 1298 4566 tonorum
1326 4499 1482 4566 semitonio
