3120 5144
303 369 356 424 394
726 365 838 420 GUIDO
856 362 1020 419 Anurluo

344 515 432 581 Ecce
455 523 492 579 ut
514 512 664 578 aseendit
697 533 866 597 organum,
891 532 931 575 ne
956 511 990 573 in
1014 509 1131 574 ultima
1159 508 1374 580 distinctione
1406 529 1480 572 sue-

301 625 428 687 eineret
451 623 589 686 cavens:

512 779 543 832 F
573 778 626 832 BG
666 777 748 832 GFF
779 780 836 832 DD
872 776 926 832 CF
960 776 1032 832 Gadi
1069 776 1284 832 FGF'IOEDO

530 869 616 925 Serto
669 869 739 922 horo
792 883 821 921 se
872 866 914 920 dit
949 883 1033 936 samer
1101 873 1218 937 puteum

508 955 756 1010 FFFFFFFF
781 954 838 1008 FF
867 955 927 1008 FF
957 953 1034 1009 ΠἜ
1071 954 1281 1010 FFFFFFF

345 1091 436 1155 Ecce
457 1091 617 1176 quomodo
641 1090 835 1155 admittente
858 1099 992 1153 cantore
1017 1090 1184 1175 graviores
1202 1110 1299 1153 voces
1319 1109 1481 1173 organum

302 1221 495 1285 suspensum
519 1207 667 1263 tenemus
691 1199 725 1263 in
749 1199 845 1262 trito:

594 1368 624 1406 cc
660 1350 901 1405 ddcacb
938 1349 1176 1404 caereo

581 1442 674 1496 Victor
688 1440 815 1495 ascendit
832 1440 912 1494 coelos
930 1439 1003 1493 ande
1022 1438 1164 1493 decondet

593 1530 678 1585 (ἔθα
706 1529 912 1584 roceo
943 1527 1101 1582 GFFF
1123 1528 1176 1582 Fo

349 1661 436 1725 Eece
461 1670 496 1727 ut
520 1662 563 1726 ad
594 1659 633 1725 G.
654 1675 677 1732 u
699 1685 720 1726 o
744 1663 778 1726 in
802 1661 867 1726 fine
891 1660 1101 1747 subsequitur
1124 1661 1165 1724 F.

346 1769 432 1833 Item
455 1770 488 1833 in
512 1769 632 1855 plagali
652 1772 730 1834 trito
750 1769 898 1833 invenies
918 1775 1123 1852 usurpatum,
1148 1774 1186 1830 ut
1209 1766 1252 1830 ad
1275 1763 1308 1835 O
1319 1780 1342 1838 tr
1366 1767 1389 1830 d
1406 1768 1479 1849 itai

304 1875 533 1962 subsequatur,
559 1877 643 1941 sicut
666 1877 709 1942 ad
736 1877 766 1942 G
790 1881 813 1939 d
837 1876 879 1940 ad
902 1899 923 1938 o
949 1875 1097 1960 sequitur
1120 1874 1160 1937 F.
1185 1872 1247 1937 hoc
1271 1873 1387 1938 modo:

710 2043 723 2080 e
760 2043 774 2081 o
811 2025 829 2079 d
866 2025 915 2079 de
952 2025 1075 2079 deddc

700 2116 737 2169 Vc
755 2116 786 2169 ni
805 2121 830 2169 te
867 2114 904 2169 od
940 2130 985 2168 ore
1003 2129 1065 2168 mus

709 2221 909 2259 ccccc
945 2206 1055 2275 ccch

769 2534 921 2601 CAPUT
945 2536 1012 2600 XX

395 2749 549 2802 QUOMODO
573 2749 695 2795 nostor.
718 2751 767 2794 EX
789 2750 995 2795 MALLEORUM
1018 2751 1138 2796 SONITU
1162 2750 1214 2794 SIT
1237 2751 1392 2797 Iuventus

348 2962 399 3027 De
423 2963 548 3046 origine
570 2971 680 3028 autem
704 2965 835 3030 musicae
858 2964 949 3046 artis,
974 2963 1053 3048 quia
1075 2960 1190 3026 rudem
1213 2963 1371 3028 lectorem
1395 2963 1474 3028 vidi·

303 3091 384 3152 mus,
400 3069 561 3154 inprimis
580 3071 754 3154 tacuimus,
770 3093 869 3156 qnam
886 3071 952 3134 iam
969 3071 1159 3152 exercitato,
1174 3071 1346 3156 magisque
1363 3074 1473 3137 scienti

302 3173 488 3240 tribuimus.
513 3175 620 3240 Erant
644 3178 826 3262 antiquitus
850 3179 1226 3261 instrumentaincerta,
1247 3182 1473 3246 &canentium

302 3281 491 3366 multitudo,
516 3282 572 3346 sed
595 3305 699 3347 caeca:
719 3283 829 3348 nullus
847 3285 935 3348 enim
951 3284 1119 3348 hominum
1139 3305 1257 3348 vocum
1275 3285 1473 3351 differentias

304 3402 327 3458 dr
349 3389 553 3474 symphoniae
576 3389 807 3455 discretionem
831 3400 959 3476 poterat
977 3390 1090 3476 aliqua
1109 3394 1397 3475 argumentatione
1415 3393 1472 3458 col·

304 3492 426 3578 ligere3
450 3518 557 3581 neque
579 3505 686 3582 posset
709 3519 853 3583 unquam
878 3507 1004 3562 certum
1028 3497 1154 3584 aliquid
1179 3498 1219 3562 de
1243 3497 1307 3562 hac
1331 3511 1404 3565 arte
1427 3523 1473 3566 co·

304 3624 469 3689 gnoscere,
493 3605 557 3669 nisi
581 3603 715 3669 tandem
738 3604 867 3669 bonitas
891 3604 1016 3688 divina,
1036 3604 1123 3689 quod
1143 3605 1303 3690 sequitur,
1325 3628 1384 3671 suo
1403 3617 1474 3672 nuto

304 3708 504 3795 disponeret.

349 3817 433 3882 Oum
456 3817 663 3904 Pythagoras
683 3818 818 3904 quidam
836 3840 973 3903 magnus
987 3817 1198 3904 philosophus
1218 3818 1305 3883 forte
1324 3822 1389 3886 iter
1406 3843 1475 3906 age·

305 3934 364 4008 ret,
380 3934 515 3991 ventum
529 3934 578 3989 est
597 3926 640 3990 ad
657 3925 826 4008 fabricam,
842 3927 875 3990 in
895 3948 960 4010 qua
979 3948 1077 4009 super
1094 3948 1193 3989 unam
1213 3926 1371 3992 incudem
1386 3929 1473 4014 quin·

306 4054 368 4116 que
385 4031 494 4097 mallei
511 4031 693 4097 feriebant:
710 4054 850 4119 quorum
869 4054 1004 4098 suavem
1021 4031 1231 4096 concordiam
1249 4033 1391 4103 miratus
1409 4033 1474 4119 phi·

306 4139 458 4225 losophus
477 4144 624 4223 accessit,
639 4142 846 4227 primumque
861 4142 895 4204 in
913 4157 1069 4205 manuum
1085 4144 1246 4207 varietate
1259 4163 1398 4226 sperans
1414 4143 1475 4207 vim

306 4249 376 4311 soni
395 4269 435 4312 ac
453 4247 684 4312 modulationis
707 4249 858 4330 existere,
882 4250 1024 4312 mutavit
1048 4246 1197 4330 malleos3
1221 4269 1285 4334 quo
1311 4248 1399 4315 facto
1422 4271 1476 4314 sna

306 4356 357 4419 vis
381 4376 541 4440 quemque
565 4363 678 4420 secuta
701 4364 760 4420 est.
785 4354 960 4420 Subtraoto
984 4355 1108 4440 itaque,
1128 4355 1183 4442 qui
1202 4353 1352 4420 dissonus
1372 4365 1476 4422 erata
