3120 5144
306 362 359 416 392
744 362 859 417 GUIDO
878 361 1040 418 ARBTINO

307 528 386 592 opus
414 514 474 591 est,
498 527 572 571 cum
607 505 681 591 plns
714 528 748 571 se
779 516 894 570 cantor
929 507 1116 589 intenderit,
1147 506 1339 573 subsecutor
1372 529 1485 571 ascen-

306 613 374 696 dat,
397 621 434 677 ut
457 611 614 677 videlicet
642 609 678 677 O.
703 622 858 697 sequatur
883 614 930 677 F:
954 613 982 676 s
1007 615 1049 681 D.
1074 622 1233 700 sequatur
1258 611 1300 677 G.
1320 613 1348 676 a
1368 614 1411 677 E.
1436 635 1486 678 se-

307 730 428 806 quatur
461 742 493 782 a.
527 728 551 786 s
583 718 719 805 reliqua.
749 719 900 806 Denique
935 731 1054 807 practer
1076 721 1088 804 b
1111 720 1309 807 quadratam
1341 720 1484 805 singulis

305 825 441 891 vocibus
465 825 668 891 diatessaron
692 825 812 907 subest,
833 827 920 892 unde
937 830 971 891 in
990 827 1111 914 quibus
1135 826 1407 892 distinctionibus
1427 829 1484 893 illa

305 934 415 1016 fuerit,
445 931 484 997 G.
508 935 577 998 vim
596 934 711 1018 organi
735 933 925 1019 possidebit.
950 934 1045 1015 Quod
1070 944 1141 999 tum
1163 938 1216 1018 sit,
1236 936 1264 1025 si
1287 945 1347 999 aut
1366 945 1485 1000 cantus

305 1040 348 1104 ad
372 1041 413 1104 F.
438 1039 626 1121 descendat,
659 1049 718 1104 aut
753 1040 974 1127 subsequitur,
1008 1051 1066 1106 ant
1096 1043 1130 1106 in
1164 1039 1205 1106 G.
1236 1042 1484 1106 distinctionem

305 1146 417 1233 faciat,
441 1146 484 1210 ad
513 1144 553 1211 G.
579 1160 602 1216 ὰ
623 1171 655 1211 a.
679 1149 834 1231 congruis
852 1147 932 1213 locis
950 1149 991 1212 F.
1008 1147 1218 1234 subsequitur
1237 1149 1265 1213 si
1285 1151 1320 1212 in
1340 1147 1384 1214 G.
1408 1170 1485 1214 vero

304 1263 421 1318 cantus
445 1277 510 1319 non
534 1255 697 1337 terminet,
723 1254 764 1318 F.
788 1277 863 1319 cum
879 1265 980 1320 cantu
1000 1258 1069 1319 vim
1089 1257 1203 1341 organi
1220 1255 1381 1321 admittit.
1402 1236 1484 1322 Oum

305 1383 383 1426 vero
407 1361 436 1425 b.
459 1360 566 1426 mollis
589 1372 741 1425 versatur
765 1362 799 1425 in
816 1370 925 1445 cantu,
946 1364 987 1426 F.
1007 1363 1173 1446 organalis
1197 1363 1270 1426 erit.
1295 1361 1383 1428 Cum
1407 1383 1484 1448 ergo

305 1470 404 1533 tritus
434 1469 515 1533 adeo
547 1468 732 1554 diaphoniae
763 1468 910 1533 obtineat
945 1472 1177 1555 principatum,
1205 1480 1243 1534 ut
1276 1470 1484 1556 aptissimum

305 1597 404 1661 supra
431 1585 565 1640 caeteros
590 1574 738 1638 obtineat
763 1573 879 1662 locum,
904 1576 1054 1641 videmus
1088 1599 1109 1640 a
1143 1576 1304 1660 Gregorio
1333 1599 1401 1641 non
1425 1578 1484 1640 im·

305 1683 421 1746 merito
441 1681 514 1767 plus
530 1682 655 1746 caeteris
675 1680 811 1745 vocibus
830 1681 1033 1746 adamatum.
1053 1683 1185 1747 Etenim
1204 1684 1307 1747 multa
1324 1683 1482 1748 melorum

304 1789 481 1874 principia,
506 1799 529 1857 tr
549 1789 710 1875 plurimas
727 1791 996 1882 repercussiones
1020 1789 1120 1872 dedit,
1140 1798 1178 1854 ut
1192 1813 1287 1876 saepe,
1309 1791 1336 1853 si
1358 1790 1401 1854 de
1416 1790 1482 1854 eius

305 1905 405 1959 cantu
428 1897 499 1959 triti
523 1896 564 1961 Ε.
588 1910 612 1968 n
634 1920 650 1959 c
674 1894 899 1985 subtrahatur,
924 1919 1024 1983 prope
1049 1897 1260 1962 medietatem
1291 1898 1407 1961 tulisse
1434 1898 1482 1958 vi-

292 2002 424 2090 dearis.
444 2001 639 2088 Diaphoniee
656 2012 821 2089 praecepta
841 2003 1021 2086 datasunt,
1039 2026 1112 2089 quae
1129 2005 1156 2068 si
1173 2002 1335 2090 exemplis
1354 2002 1480 2088 probes,

304 2109 450 2194 perfecte
473 2131 659 2195 cognosces.

760 2561 913 2628 CAPUT
937 2562 1024 2626 XIX

403 2746 406 2753 ’
500 2780 612 2826 mera
636 2779 830 2824 nrsrnonun
853 2781 917 2824 rsa
934 2781 1099 2824 nxnurm
1122 2781 1288 2826 naomrro

345 3096 455 3180 Igitur
479 3118 498 3158 a
521 3095 599 3159 trito
624 3117 688 3158 non
712 3094 904 3178 deponimus
930 3117 1100 3179 organum,
1126 3097 1196 3160 sive
1220 3097 1254 3161 in
1280 3119 1328 3181 eo,
1353 3099 1420 3162 sive
1441 3098 1468 3159 in

300 3200 514 3289 sequentibus
538 3201 684 3283 finiatur,
709 3202 769 3265 hoc
794 3201 909 3266 modo:
1002 3258 1003 3261 ,

527 3464 1253 3523 FFGGFFDMEDO

520 3715 557 3784 lp
594 3717 620 3770 si
723 3731 753 3770 so
920 3715 941 3771 a·

1122 3936 1125 4032 i

536 3822 1255 4111 innnccccocco

349 4248 436 4312 Ecce
459 4246 534 4312 finis
564 4248 786 4314 distinctionis
813 4251 847 4314 in
874 4249 951 4313 trito
981 4246 1017 4314 O.
1046 4272 1067 4313 a
1098 4272 1161 4336 quo
1191 4273 1257 4315 non
1286 4250 1474 4338 deponimus

305 4376 477 4439 organum,
500 4356 577 4442 qnia
601 4378 666 4422 non
690 4355 791 4421 habet
815 4355 875 4420 sub
900 4378 934 4420 se
957 4366 1075 4443 tonum,
1097 4356 1149 4421 vel
1174 4356 1336 4442 ditonum,
1363 4358 1476 4446 quibus
