3128 5136
519 408 633 464 GUIDO
651 409 813 466 ARoTJNO
1202 413 1257 468 353

182 562 203 612 A
230 545 295 616 c‘A‘.
317 562 394 616 Item
424 559 508 617 dicta
539 558 674 617 eiusdem
707 559 869 619 (luidonis.
900 560 1063 652 Principia:
1096 561 1257 635 Incipiunt

149 657 466 714 camoenae-tantiae
486 657 647 715 cantantis
675 657 763 715 docto
792 674 910 716 monus
931 659 1002 731 elc.;
1026 655 1147 734 quindi:
1174 662 1255 717 t'ern-

133 753 264 824 poribus
285 756 401 813 nostris
421 755 593 828 superiores
613 754 658 832 (in
679 754 749 814 altri
770 753 863 814 codici
883 755 1000 833 meglio,
1023 772 1118 830 super
1137 751 1257 833 omnes)

140 852 265 910 bomnes
278 851 363 925 fatui
378 860 453 910 sunt
466 859 620 911 cantores.
633 853 766 913 Finisos:
780 860 827 912 ltro
841 854 1002 912 industrio
1014 862 1255 928 componantur.

179 948 321 1008 Garberto
342 949 372 1008 lo
391 949 532 1024 pubblica
552 952 631 1009 sotto
652 951 674 1009 il
695 951 800 1011 titolo:
822 957 899 1012 Item
922 953 1006 1010 aliae
1030 953 1183 1011 (luidonis
1210 969 1256 1011 re·

137 1049 233 1122 pulae
254 1048 292 1107 de
312 1049 419 1122 ipnoto
439 1056 546 1121 contu,
561 1049 730 1108 identidem
744 1049 779 1106 in
793 1048 1015 1123 antiphonarii
1028 1051 1081 1108 sui
1088 1052 1255 1126 prolopum

134 1147 290 1220 prolatae.
986 1162 988 1166 “
1316 1148 1318 1151 ’

178 1241 290 1303 roffi.
312 1245 455 1319 Ejusdem
479 1245 632 1305 Guidonis
652 1246 780 1320 epistota
801 1247 845 1305 ool
868 1246 1045 1304 Michaelem
1064 1248 1253 1305 monoobum

140 1343 393 1418 Pomposionum.
406 1342 567 1404 Comincia:
583 1344 764 1403 Beatissimo
778 1347 842 1404 eta:
866 1365 884 1403 a
905 1331 963 1401 0⁴2²
984 1363 999 1403 s
1020 1345 1059 1403 48
1082 1343 1113 1403 vi
1128 1343 1153 1404 si
1167 1347 1255 1404 treva

137 1442 167 1499 la
187 1441 314 1500 melodia
342 1446 378 1499 Ut
398 1450 515 1517 queant
535 1444 621 1502 tonis
642 1445 696 1502 alc.
720 1460 773 1502 con
793 1445 864 1502 nole
877 1443 1019 1519 quadrata
1033 1444 1200 1519 suquattro
1215 1434 1264 1499 ri-¹

139 1541 201 1617 ghi,
222 1561 238 1599 s
259 1541 303 1600 cib
326 1539 422 1598 indica
437 1540 614 1601 abbastsnza
632 1540 751 1618 l'epoca
764 1541 811 1601 del
826 1541 947 1616 (lodica3
968 1542 1081 1601 llniscs:
1104 1545 1258 1600 Autentus

136 1640 299 1698 tetrardus
326 1640 382 1695 VII
399 1636 423 1695 Γ
445 1640 629 1713 VIIIplopis
643 1631 788 1699 tetrardi.
803 1639 946 1718 Vengono
960 1640 1062 1718 quindi
1077 1640 1146 1700 altri
1159 1640 1255 1699 scritti

135 1738 170 1796 di
189 1737 312 1809 Musica,
334 1736 345 1795 i
365 1732 449 1812 quali
469 1756 528 1796 non
549 1741 770 1817 appartangono
795 1740 973 1799 acclamante
997 1737 1191 1799 all’Arelino.

588 1960 736 2021 NAPOLI

54 2115 265 2193 Biblioteca
279 2132 476 2192 Nazlonale.
490 2162 531 2172 —
545 2131 613 2191 Sala
635 2131 681 2191 dei
702 2131 765 2190 Mffl.
781 2131 884 2192 Codice
905 2131 987 2201 VIlI,
1007 2131 1044 2189 D.
1068 2131 1106 2189 14
1129 2129 1253 2190 membr.

137 2230 185 2289 dol
206 2249 261 2289 seo.
273 2248 319 2288 x11
333 2249 350 2289 o
364 2247 419 2288 x111
432 2230 462 2288 oi
476 2232 555 2290 carte
568 2231 616 2289 40.
632 2230 743 2289 Misura
757 2231 986 2296 0.150><0.080.

180 2329 221 2388 La
234 2330 373 2405 legatum
384 2329 412 2387 lo
427 2327 608 2388 addimostra
621 2348 702 2388 come
717 2328 905 2398 Famesiano,
920 2328 955 2386 ed
969 2332 985 2387 b
998 2327 1099 2387 scritto
1114 2326 1146 2386 in
1160 2326 1257 2403 picco·

136 2426 248 2486 lissimo
271 2427 416 2485 carattere
437 2445 558 2486 romano
580 2426 750 2498 minusoolo,
771 2445 826 2486 con
851 2426 929 2502 fregi
949 2444 964 2485 a
985 2428 1089 2486 lettera
1116 2426 1256 2486 colorato.

176 2529 200 2581 A
219 2525 278 2583 c-¹
299 2522 460 2584 Cominoia:
484 2530 521 2582 In
539 2525 653 2584 Christi
667 2527 792 2584 nomine
806 2526 916 2599 incipit
929 2525 1149 2584 bencbiridion
1163 2523 1257 2582 Liber

131 2625 192 2699 qui
210 2625 277 2698 fuit
297 2624 483 2698 compositus
504 2641 524 2682 o
545 2624 607 2681 dno
632 2624 757 2682 oddone
777 2624 884 2681 abbate
904 2624 960 2699 qui
985 2625 1051 2695 fuit
1070 2624 1194 2696 peritus
1218 2622 1254 2678 in

130 2727 204 2780 arte
231 2722 361 2791 musico,
384 2720 442 2778 otii
469 2727 575 2779 autem
606 2720 714 2778 dicunt
738 2719 883 2793 dioiopus
912 2719 988 2778 tiber
1019 2735 1053 2778 eo
1083 2719 1163 2795 quod
1187 2720 1255 2790 fuit

128 2820 321 2893 compositus
342 2820 425 2876 inter
446 2818 533 2888 duos,
555 2818 633 2876 idest
653 2818 738 2876 inter
751 2835 782 2877 se
795 2824 826 2876 et
839 2817 1027 2891 discipulum
1040 2817 1119 2892 ejus.
1132 2816 1216 2892 Dopo
1231 2816 1254 2875 il

131 2914 218 2976 oeteo
239 2917 327 2976 titolo
346 2916 448 2976 scribto
470 2917 500 2974 in
521 2933 601 2976 rosso
623 2915 659 2975 ad
680 2938 697 2976 a
716 2918 820 2976 lallare
841 2917 1000 2993 majuscolo
1028 2915 1206 2990 intrecciaie,
1239 2934 1256 2974 a

131 3032 189 3073 con
209 3015 302 3074 mollo
322 3014 541 3085 abbreviatore,
563 3013 704 3073 comincia
725 3014 746 3072 il
767 3015 903 3092 Dialogo.
925 3014 1098 3074 Drscnams
1113 3032 1255 3074 mseras-

135 3130 192 3170 (Μ
205 3129 389 3171 necamus:
414 3112 495 3175 Quid
508 3119 551 3171 est
568 3114 712 3170 Musica?
725 3112 881 3171 Mammea
894 3130 1075 3172 aosronorr:
1100 3113 1255 3172 veraciter

129 3211 270 3269 canendi
300 3212 433 3279 scenoia,
455 3218 484 3268 et
513 3211 620 3283 facilis
651 3211 695 3269 nd
723 3212 859 3270 canendi
876 3211 1101 3285 perfectionem
1127 3212 1189 3270 oia.
1216 3211 1253 3269 D.

138 3309 318 3371 Quomodo?
331 3308 371 3368 M.
386 3310 464 3367 sicut
478 3310 631 3384 mopister
645 3310 746 3368 omnis
759 3310 814 3367 tibi
828 3310 947 3368 litteras
961 3311 1095 3369 ostendit
1109 3309 1254 3384 primum

133 3406 171 3464 in
191 3408 308 3479 tabula,
330 3408 375 3465 ita
390 3413 418 3465 et
432 3407 570 3465 musicus
591 3407 693 3465 omnis
713 3409 880 3467 cantalene
901 3424 986 3468 voces
1000 3410 1035 3466 in
1051 3408 1255 3466 monochordo

130 3505 289 3564 insinuat.
311 3504 347 3562 D.
371 3506 466 3568 Quale
480 3511 525 3563 est
538 3505 617 3563 iliud
633 3506 901 3564 Monocbordumt
915 3506 954 3564 M.
970 3507 1110 3581 Lipnum
1121 3508 1252 3579 tonpum

131 3602 333 3678 quadratum
353 3608 381 3660 et
401 3602 487 3660 intus
508 3608 553 3661 est
573 3618 685 3660 cavum
706 3603 741 3660 in
758 3604 886 3662 modum
906 3610 1021 3679 optare,
1036 3620 1131 3677 super
1155 3619 1252 3679 quarn

129 3703 238 3777 posita
259 3702 356 3760 corda
376 3710 469 3760 sonat
488 3701 580 3776 cujus
604 3701 710 3760 sonitu
730 3703 897 3762 varietates
925 3719 1034 3760 cocum
1058 3703 1150 3775 focile
1173 3718 1254 3759 com·

128 3800 313 3876 prebendis.
326 3800 362 3858 Ι).
377 3801 527 3863 Quomodo
535 3800 670 3875 ponitur
679 3802 748 3875 ipso
757 3801 877 3860 cordo?
887 3801 927 3859 M.
940 3801 1110 3860 limodiam
1123 3817 1253 3874 capsam

136 3903 171 3958 in
192 3902 325 3975 lonpum
345 3900 431 3958 tineo
451 3907 537 3958 recto
557 3900 673 3959 dicitur
687 3907 716 3958 et
729 3901 835 3959 relicto
851 3901 888 3958 ob
902 3907 1032 3977 utroque
1045 3900 1146 3973 capite
1159 3899 1255 3957 unius

137 4000 228 4059 uncie
247 3998 352 4072 spacio
372 3998 407 4056 in
428 3998 531 4057 eadem
551 3999 637 4057 linea
651 3999 689 4057 ab
703 4006 840 4074 utraque
849 4006 946 4073 porte
956 4004 1095 4073 punctus
1109 3996 1256 4072 ponitur.

138 4102 174 4155 ln
193 4098 309 4158 relictis
330 4112 401 4155 aero
421 4095 536 4170 spaciis
557 4095 619 4153 duo
640 4096 786 4170 capitella
808 4095 981 4171 loquantur
1002 4112 1062 4172 que
1085 4096 1131 4153 ito
1157 4095 1253 4153 cordo

137 4212 226 4271 super
247 4196 361 4254 lineum
379 4209 561 4269 suspensam
580 4200 707 4253 teneant
708 4235 765 4252 ......
787 4192 910 4265 Finisca,
925 4213 943 4252 a
956 4196 1067 4269 quanio
1088 4211 1168 4269 pars,
1187 4213 1256 4251 mu-

138 4294 199 4368 tilo,
220 4312 275 4354 con
296 4294 323 4352 la
336 4293 475 4369 parole...
490 4308 581 4370 quem
596 4309 661 4351 non
675 4293 772 4351 solum
786 4293 907 4368 equalis
921 4307 1017 4365 super
1030 4308 1131 4350 omnes
1146 4309 1252 4350 oerum

137 4392 226 4451 etiam
240 4391 444 4465 adprobatur.
467 4396 545 4448 Sunt
565 4391 621 4466 qui
634 4390 718 4448 bono
737 4389 775 4449 de
787 4389 894 4468 plapis
914 4389 1077 4448 submisere
1097 4390 1132 4446 iu
1152 4389 1253 4448 eodem

125 4516 164 4561 Ἃ.
174 4543 199 4554 ··
208 4521 310 4574 Buram,
327 4518 404 4563 Guisto
417 4520 523 4564 aretino.
