3120 5136
538 395 650 451 GUIDO
671 394 829 449 AltE'I'lNO
1225 396 1277 448 469

92 543 181 618 signis
202 562 249 603 eos
271 542 397 619 perfecte
419 543 582 603 discernere
603 544 746 620 possimus
767 561 964 620 proponamus
980 543 1076 601 etheo
1097 543 1201 601 melius
1224 561 1276 618 per

92 640 289 699 distinctiones
304 643 333 699 et
347 660 451 700 vocum
464 639 683 719 longitudinem
697 640 889 700 ostendimus,
906 640 1050 698 Ducterus
1069 643 1210 698 autentus
1232 638 1275 697 di·

92 739 260 798 stinctiones
281 740 376 799 mittit
396 743 426 800 in
447 742 603 817 septimam
624 759 726 800 vocem
746 740 800 798 hoo
823 742 867 798 est
888 741 911 796 (1
932 740 962 796 11
984 738 1013 795 in
1035 737 1190 796 secundam
1207 755 1276 796 acu·

91 845 153 901 tam
170 861 227 918 que
248 847 293 901 est
312 845 345 914 ἧς
368 844 397 902 11
419 862 475 901 vox
496 845 582 901 acuta
601 842 697 918 prima
718 859 774 916 que
797 843 841 899 esi
862 858 883 899 a
904 858 1018 916 semper
1038 837 1127 897 habet
1148 839 1277 915 longam,

92 941 148 999 nisi
163 959 231 1000 oum
245 937 264 1003 1
277 941 432 999 secundam
448 943 601 1000 acutarum
616 939 811 999 distinotionis
827 938 971 1014 acceperit
985 936 1140 996 ascendens
1155 936 1191 995 ab
1206 938 1274 994 imo.

91 1040 132 1098 At
153 1040 234 1116 plagi
254 1039 319 1098 triti
339 1039 420 1098 finali
440 1057 510 1098 voco
531 1039 592 1097 fere
605 1056 704 1098 omnes
726 1037 926 1096 distinctiones
946 1038 1049 1108 mittit,
1071 1035 1225 1110 rariusque
1245 1037 1276 1094 in

91 1138 178 1196 tertia
199 1157 288 1215 super
307 1156 354 1210 se;
375 1137 430 1196 sub
451 1155 481 1197 se
502 1140 601 1197 autem
631 1140 714 1196 tanto
744 1135 926 1212 frequentius
962 1136 1073 1210 quanto
1096 1139 1125 1193 et
1145 1134 1276 1193 liberius.

90 1236 172 1295 Tenc
193 1256 261 1296 vero
282 1255 443 1312 numquam
465 1256 552 1314 super
573 1255 603 1294 se
624 1235 822 1296 distinotionis
843 1234 970 1294 habebit.
992 1233 1093 1311 Plagis
1115 1237 1213 1293 autem
1233 1235 1278 1292 te·

92 1334 185 1393 trardi
206 1333 406 1394 distinctiones
427 1335 497 1394 facit
518 1354 608 1412 supra
622 1338 652 1393 et
665 1352 753 1409 super
766 1351 850 1392 suam
865 1333 981 1391 finalem
996 1351 1095 1391 vocem
1110 1334 1180 1391 tono
1199 1331 1279 1406 quod

93 1433 144 1493 alii
165 1433 282 1509 penitus
308 1435 417 1493 carent.
440 1433 502 1492 Hec
531 1434 622 1493 hebet
653 1431 807 1491 secundam
840 1451 942 1491 vocem
964 1430 993 1489 id
1015 1434 1059 1490 est
1079 1436 1107 1504 lv,
1129 1446 1223 1506 usqua
1248 1430 1278 1488 in

92 1535 184 1590 semet
205 1533 333 1610 longam,
355 1533 410 1590 nisi
426 1552 493 1593 oum
507 1533 593 1609 plage
607 1532 673 1591 triti
687 1530 863 1590 admiscetur
876 1533 905 1589 et
919 1530 973 1588 hoc
988 1529 1074 1588 modo
1091 1529 1146 1587 nisi
1160 1528 1191 1587 in
1213 1547 1280 1605 pro-

90 1631 248 1690 lixionibus
269 1631 362 1690 melis.
384 1631 462 1708 Ergo
490 1631 605 1691 deuteri
635 1631 749 1689 autenti
779 1628 982 1688 distinctiones
1014 1628 1120 1704 quibus
1151 1629 1281 1703 supremi

93 1728 195 1787 affines
216 1730 338 1789 mandat
358 1734 428 1789 sunt
448 1722 510 1788 hiiv
523 1729 679 1788 Tetrardus
701 1728 732 1787 in
754 1731 785 1800 (1,
799 1728 938 1787 deuterus
959 1728 1097 1805 ignobilis
1113 1727 1143 1784 in
1164 1729 1193 1798 11,
1216 1726 1281 1785 11111

93 1826 230 1886 affinibus
245 1828 386 1905 supremis
401 1846 459 1886 non
474 1827 696 1887 meminiscitur.
712 1826 813 1904 Plagis
828 1830 926 1886 autern
942 1826 1006 1885 triti
1020 1825 1168 1884 rarissime
1188 1843 1281 1901 usque

93 1925 179 1984 tertie
199 1945 287 2003 super
307 1946 337 2009 se
357 1927 535 1986 transmittit
555 1927 609 1985 sub
630 1926 758 1998 uberius,
781 1927 863 1985 alias
884 1925 1016 2001 proximo
1039 1928 1118 1983 tono.
1134 1923 1216 1982 Inter
1229 1925 1282 1981 hos

95 2026 192 2083 autem
215 2027 244 2082 et
264 2025 411 2084 tetrardus
433 2027 567 2102 proprias
592 2023 679 2082 habet
700 2022 911 2096 distinctiones,
932 2025 962 2082 id
985 2025 1036 2096 est,
1058 2023 1112 2081 sub
1133 2041 1163 2080 se
1184 2022 1281 2099 proxi·

95 2124 218 2181 miorem
238 2123 352 2197 tritum,
375 2143 463 2200 super
483 2124 654 2185 viciniorem
676 2124 795 2198 protum
817 2123 846 2180 in
869 2123 975 2197 quibus
995 2122 1069 2180 bene
1083 2120 1280 2197 distinguitur

96 2222 132 2280 ab
154 2221 220 2280 aliis
240 2223 344 2282 modiS.

237 2347 313 2407 Hinc
334 2349 429 2426 plagis
449 2349 592 2425 sequitur,
614 2350 752 2423 certoque
773 2348 828 2405 fine
849 2347 968 2406 tenetur

236 2448 349 2506 Nomen
371 2447 479 2506 habens
499 2448 648 2523 proprium
670 2449 740 2505 tono
762 2446 797 2505 de
817 2447 942 2504 termine
963 2463 1076 2505 vocum.

237 2546 372 2622 Namque
393 2546 443 2605 alii
462 2546 514 2621 qui
534 2546 576 2604 ibi
596 2547 666 2605 suut
683 2545 785 2621 quarti
806 2544 961 2620 quintique
983 2545 1069 2603 locat‘

235 2645 319 2704 Unde
340 2645 434 2722 magis
455 2645 566 2704 melum
587 2645 676 2705 datur
695 2644 837 2705 variabile
857 2644 888 2703 in
909 2646 995 2719 ipsos

239 2744 360 2803 Nescius
382 2747 427 2804 ast
447 2745 553 2804 horum
574 2743 669 2803 fertur
689 2743 872 2802 strictissime
893 2745 999 2814 rectus,

239 2841 366 2901 Octavus
387 2843 507 2917 ponitur
528 2842 682 2917 subsuper‚
703 2841 809 2915 hicque
829 2843 951 2899 vocatur

239 2939 279 2999 Ut
296 2960 407 3000 nomen
429 2942 492 3000 loca
513 2941 554 2998 sic
574 2942 672 2999 mutat
695 2960 745 3014 per
767 2939 886 2997 climata
907 2959 1076 3015 numquam.

964 3841 1093 3918 Spiritus
1168 3847 1285 3902 sanctus

101 3969 191 4029 Soror
211 3988 276 4027 mea
297 3969 396 4029 Lucia.
712 3971 805 4028 Beata
827 3969 934 4046 Agnes.

102 4068 238 4126 Pastores
259 4067 357 4127 dicite.
712 4068 858 4127 Dixerunt
877 4068 971 4143 impii.

140 4182 215 4242 Item
236 4180 376 4242 dissimile
398 4184 577 4261 principium
598 4182 698 4243 eadem
720 4183 878 4242 distantia:

100 4307 184 4368 Dixit
204 4307 347 4366 Dominus
369 4309 495 4368 mulieri.
867 4307 949 4384 Dixit
970 4306 1047 4366 Deus
1068 4308 1105 4366 ad
1129 4307 1284 4367 Adamum.

143 4422 279 4498 Itemque
300 4421 441 4484 dissimile
463 4426 621 4485 ambobus:
