3120 5136
395 1292 689 1368 GUIDONIS
724 1292 983 1366 ARE'PINI

145 1476 191 1526 DE
226 1475 406 1526 MODORUH
442 1475 630 1526 teuteus
663 1475 705 1525 tt
740 1474 913 1528 ututuuu
947 1475 1227 1542 outtlutrmus

579 1621 794 1631 ---—-——·

278 1776 384 1819 ruolrtr
403 1777 540 1820 EPILOGUS
560 1767 732 1836 [PROSAICUS]
752 1777 782 1818 IN
800 1777 940 1837 novenum
957 1775 1100 1819 Fonuutls

477 1884 514 1925 ΕΤ
534 1883 669 1926 cantuum
688 1883 895 1935 automatum

549 2123 824 2210 [raoauumu]

144 2268 271 2332 Voeum
298 2269 423 2355 modus,
447 2278 596 2333 veterum
621 2268 730 2332 editus
754 2276 840 2355 voto,
865 2266 1073 2351 disgregatus
1097 2289 1217 2331 avere
1241 2276 1273 2330 et

83 2385 186 2440 recto
210 2378 371 2441 cantionis
395 2398 525 2461 genere,
551 2377 640 2440 etin
664 2376 898 2440 chromaticam
918 2374 1086 2438 mollitiem
1102 2373 1271 2459 deductus,

84 2482 138 2547 ob
162 2485 302 2546 rationis
325 2485 507 2569 penuriam,
532 2506 620 2548 nuno
643 2483 686 2547 ad
710 2485 854 2568 priorem
890 2490 1013 2546 statum
1043 2480 1154 2545 labore
1184 2479 1273 2545 haud

81 2589 188 2654 faciti
207 2589 362 2653 reductus
386 2598 446 2654 est.
465 2590 598 2654 Etenim
622 2590 700 2675 quia
722 2587 765 2652 ab
790 2587 980 2652 auctoribus
1005 2596 1054 2651 est
1077 2587 1184 2651 editus
1207 2610 1271 2652 mo·

83 2697 277 2761 deraminis
295 2697 502 2783 jamjamque
526 2698 692 2782 gravitate
716 2695 862 2760 carebat.

139 2804 210 2867 Neo
235 2804 376 2886 mirum3
401 2826 476 2867 cum
499 2804 586 2867 enim
606 2804 787 2867 existerent
803 2800 938 2887 quidam
957 2802 1014 2886 qui
1030 2800 1124 2865 illum
1143 2802 1273 2866 aurium

86 2910 237 2976 arbitrio
263 2912 496 2992 commiserint,
527 2910 663 2995 quidam
693 2931 781 2991 vero,
807 2908 928 2993 potiori
960 2916 1095 2991 agentes
1127 2907 1272 2991 consilio,

85 3018 218 3081 rationi
235 3019 282 3100 (l)
302 3015 362 3080 hoc
377 3017 597 3100 assignarim,
611 3017 751 3101 utrique,
765 3023 863 3101 prout
873 3012 1029 3078 voluntas
1049 3014 1133 3097 tulit,
1151 3012 1272 3077 diversi

91 3123 230 3188 diversa
240 3124 451 3209 seripserunt.
461 3123 588 3208 ltaque,
602 3132 699 3207 prout
711 3144 893 3207 possumuS,
905 3123 1042 3203 rationis
1056 3120 1273 3206 speculatores

93 3238 283 3315 sequentes,
308 3228 455 3293 breviter
479 3237 512 3292 et
535 3229 676 3292 strictim
700 3249 950 3314 prosequamur.

497 3461 500 3466 .
562 3405 801 3484 [curruum]

100 3543 122 3600 Ι.
144 3543 189 3600 De
210 3540 343 3600 motione
366 3545 398 3600 et
418 3541 501 3600 vocis
521 3541 658 3600 acumine
679 3559 731 3601 seu
753 3541 918 3616 gravitate.

98 3641 135 3698 ΙΙ.
158 3641 203 3698 De
224 3639 407 3716 integritate
429 3644 460 3699 et
483 3639 691 3699 diminutione.

100 3739 151 3797 111.
174 3738 219 3796 De
239 3737 435 3798 consonantia
455 3756 507 3798 seu
529 3737 645 3796 neumis
667 3735 880 3795 convenientia
902 3752 1008 3794 vocum
1030 3735 1213 3794 earumdem.

97 3834 149 3895 IV.
170 3836 215 3893 De
236 3835 433 3895 affinitatibus
455 3835 644 3895 diversarum
672 3852 788 3893 vocum.
819 3833 863 3891 De
892 3833 1016 3909 proprio
1042 3832 1093 3892 vel
1120 3832 1273 3908 adjectivo

217 3921 367 3993 accidenti
388 3932 556 4008 unicuique.

99 4030 135 4091 V.
157 4032 201 4089 De
224 4032 378 4090 modorum
400 4034 528 4106 quatuor
556 4020 718 4106 generibus
748 4047 911 4106 eorumque
940 4028 1175 4106 participatione
1207 4043 1273 4088 cum

219 4129 429 4189 differentibus
450 4127 724 4189 distinctionibus
809 4141 814 4154 ’

98 4229 150 4289 VI.
172 4230 217 4288 De
238 4226 377 4287 formulis
398 4227 650 4302 differentiarum,
672 4230 704 4286 et
725 4243 828 4286 earum
851 4227 1099 4304 proprietatibus.

134 4415 178 4488 (1)
197 4413 280 4470 Gerb.
300 4414 339 4467 ha
357 4415 523 4469 rationibus.
