<?xml version="1.0" encoding="UTF-8"?>
<!DOCTYPE html PUBLIC "-//W3C//DTD XHTML 1.0 Transitional//EN"
    "http://www.w3.org/TR/xhtml1/DTD/xhtml1-transitional.dtd">
<html xmlns="http://www.w3.org/1999/xhtml" xml:lang="en" lang="en">
 <head>
  <title>
</title>
<meta http-equiv="Content-Type" content="text/html;charset=utf-8" />
  <meta name='ocr-system' content='tesseract 3.04.00' />
  <meta name='ocr-capabilities' content='ocr_page ocr_carea ocr_par ocr_line ocrx_word'/>
</head>
<body>
  <div class='ocr_page' id='page_1' title='image "./guidoaretinomon00brangoog/guidoaretinomon00brangoog_0450.png"; bbox 0 0 3120 5144; ppageno 0'>
   <div class='ocr_carea' id='block_1_1' title="bbox 738 395 1032 452">
    <p class='ocr_par' dir='ltr' id='par_1_1' title="bbox 738 395 1032 452">
     <span class='ocr_line' id='line_1_1' title="bbox 738 395 1032 452; baseline 0.003 -1"><span class='ocrx_word' id='word_1_1' title='bbox 738 395 852 451; x_wconf 81' lang='lat' dir='ltr'><strong>GUIDO</strong></span> <span class='ocrx_word' id='word_1_2' title='bbox 871 396 1032 452; x_wconf 73' lang='lat' dir='ltr'>salarum</span> 
     </span>
    </p>
   </div>
   <div class='ocr_carea' id='block_1_2' title="bbox 711 648 1066 730">
    <p class='ocr_par' dir='ltr' id='par_1_2' title="bbox 711 648 1066 730">
     <span class='ocr_line' id='line_1_2' title="bbox 711 648 1066 730; baseline 0.003 -21"><span class='ocrx_word' id='word_1_3' title='bbox 711 650 935 710; x_wconf 81' lang='lat' dir='ltr'>cnrrrunuu</span> <span class='ocrx_word' id='word_1_4' title='bbox 956 652 998 710; x_wconf 82' lang='lat' dir='ltr'>vr</span> <span class='ocrx_word' id='word_1_5' title='bbox 1020 648 1066 730; x_wconf 87' lang='lat'>(1)</span> 
     </span>
    </p>
   </div>
   <div class='ocr_carea' id='block_1_3' title="bbox 674 806 1097 848">
    <p class='ocr_par' dir='ltr' id='par_1_3' title="bbox 674 806 1097 848">
     <span class='ocr_line' id='line_1_3' title="bbox 674 806 1097 848; baseline 0 -2"><span class='ocrx_word' id='word_1_6' title='bbox 674 806 782 847; x_wconf 75' lang='lat' dir='ltr'>luclslr</span> <span class='ocrx_word' id='word_1_7' title='bbox 803 807 973 848; x_wconf 77' lang='lat' dir='ltr'>auuflsurus</span> <span class='ocrx_word' id='word_1_8' title='bbox 996 806 1097 847; x_wconf 75' lang='lat' dir='ltr'>TRITUS</span> 
     </span>
    </p>
   </div>
   <div class='ocr_carea' id='block_1_4' title="bbox 292 958 1503 1927">
    <p class='ocr_par' dir='ltr' id='par_1_4' title="bbox 292 958 1503 1927">
     <span class='ocr_line' id='line_1_4' title="bbox 332 958 1480 1037; baseline 0 -19"><span class='ocrx_word' id='word_1_9' title='bbox 332 959 404 1018; x_wconf 83' lang='lat' dir='ltr'><strong>Post</strong></span> <span class='ocrx_word' id='word_1_10' title='bbox 417 959 496 1036; x_wconf 91' lang='lat' dir='ltr'>proti</span> <span class='ocrx_word' id='word_1_11' title='bbox 510 959 679 1035; x_wconf 86' lang='lat' dir='ltr'>deuterique</span> <span class='ocrx_word' id='word_1_12' title='bbox 693 959 821 1036; x_wconf 87' lang='lat' dir='ltr'>digestas</span> <span class='ocrx_word' id='word_1_13' title='bbox 843 958 945 1018; x_wconf 85' lang='lat' dir='ltr'><strong>ordine</strong></span> <span class='ocrx_word' id='word_1_14' title='bbox 966 959 1074 1019; x_wconf 86' lang='lat' dir='ltr'>formas</span> <span class='ocrx_word' id='word_1_15' title='bbox 1095 962 1155 1018; x_wconf 86' lang='lat' dir='ltr'>tam</span> <span class='ocrx_word' id='word_1_16' title='bbox 1178 959 1309 1035; x_wconf 81' lang='lat' dir='ltr'>plagales</span> <span class='ocrx_word' id='word_1_17' title='bbox 1330 970 1480 1037; x_wconf 87' lang='lat' dir='ltr'>quamque</span> 
     </span>
     <span class='ocr_line' id='line_1_5' title="bbox 293 1056 1479 1134; baseline 0.002 -20"><span class='ocrx_word' id='word_1_18' title='bbox 293 1056 456 1116; x_wconf 87' lang='lat' dir='ltr'>autenticas</span> <span class='ocrx_word' id='word_1_19' title='bbox 477 1056 542 1116; x_wconf 89' lang='lat' dir='ltr'>triti</span> <span class='ocrx_word' id='word_1_20' title='bbox 562 1075 595 1116; x_wconf 88' lang='lat' dir='ltr'>ac</span> <span class='ocrx_word' id='word_1_21' title='bbox 615 1057 740 1116; x_wconf 90' lang='lat' dir='ltr'>tetrardi</span> <span class='ocrx_word' id='word_1_22' title='bbox 762 1058 822 1116; x_wconf 91' lang='lat' dir='ltr'>vim</span> <span class='ocrx_word' id='word_1_23' title='bbox 850 1076 943 1133; x_wconf 87' lang='lat' dir='ltr'>usque</span> <span class='ocrx_word' id='word_1_24' title='bbox 963 1056 1097 1134; x_wconf 80' lang='lat' dir='ltr'>indagini</span> <span class='ocrx_word' id='word_1_25' title='bbox 1121 1056 1274 1116; x_wconf 79' lang='lat' dir='ltr'>debentur.</span> <span class='ocrx_word' id='word_1_26' title='bbox 1301 1057 1345 1114; x_wconf 85' lang='lat' dir='ltr'>Ex</span> <span class='ocrx_word' id='word_1_27' title='bbox 1373 1059 1479 1133; x_wconf 89' lang='lat' dir='ltr'>quibus</span> 
     </span>
     <span class='ocr_line' id='line_1_6' title="bbox 293 1139 1479 1231; baseline 0.003 -19"><span class='ocrx_word' id='word_1_28' title='bbox 293 1153 407 1230; x_wconf 90' lang='lat' dir='ltr'>primus</span> <span class='ocrx_word' id='word_1_29' title='bbox 437 1139 545 1230; x_wconf 84' lang='lat' dir='ltr'>duplex</span> <span class='ocrx_word' id='word_1_30' title='bbox 566 1157 595 1214; x_wconf 90' lang='lat' dir='ltr'>et</span> <span class='ocrx_word' id='word_1_31' title='bbox 616 1154 739 1214; x_wconf 81' lang='lat' dir='ltr'>ulterior</span> <span class='ocrx_word' id='word_1_32' title='bbox 766 1154 889 1231; x_wconf 84' lang='lat' dir='ltr'>simplex</span> <span class='ocrx_word' id='word_1_33' title='bbox 909 1154 1107 1215; x_wconf 67' lang='lat' dir='ltr'>hebetandis</span> <span class='ocrx_word' id='word_1_34' title='bbox 1135 1154 1347 1230; x_wconf 84' lang='lat' dir='ltr'>supradigestis</span> <span class='ocrx_word' id='word_1_35' title='bbox 1379 1157 1479 1215; x_wconf 87' lang='lat' dir='ltr'>autem</span> 
     </span>
     <span class='ocr_line' id='line_1_7' title="bbox 294 1251 1478 1329; baseline 0 -17"><span class='ocrx_word' id='word_1_36' title='bbox 294 1251 387 1328; x_wconf 91' lang='lat' dir='ltr'>tropis</span> <span class='ocrx_word' id='word_1_37' title='bbox 400 1252 446 1313; x_wconf 93' lang='lat' dir='ltr'>vel</span> <span class='ocrx_word' id='word_1_38' title='bbox 462 1252 546 1318; x_wconf 83' lang='lat' dir='ltr'>tonis,</span> <span class='ocrx_word' id='word_1_39' title='bbox 562 1253 614 1329; x_wconf 93' lang='lat' dir='ltr'>qui</span> <span class='ocrx_word' id='word_1_40' title='bbox 628 1253 764 1312; x_wconf 87' lang='lat' dir='ltr'>similiter</span> <span class='ocrx_word' id='word_1_41' title='bbox 779 1252 907 1329; x_wconf 82' lang='lat' dir='ltr'>duplices</span> <span class='ocrx_word' id='word_1_42' title='bbox 922 1254 1076 1326; x_wconf 86' lang='lat' dir='ltr'>habentur,</span> <span class='ocrx_word' id='word_1_43' title='bbox 1091 1255 1115 1312; x_wconf 91' lang='lat' dir='ltr'>is</span> <span class='ocrx_word' id='word_1_44' title='bbox 1130 1252 1283 1312; x_wconf 90' lang='lat' dir='ltr'>modorum</span> <span class='ocrx_word' id='word_1_45' title='bbox 1299 1253 1331 1311; x_wconf 91' lang='lat' dir='ltr'>in</span> <span class='ocrx_word' id='word_1_46' title='bbox 1343 1251 1478 1312; x_wconf 89' lang='lat' dir='ltr'>omnibus</span> 
     </span>
     <span class='ocr_line' id='line_1_8' title="bbox 292 1349 1478 1437; baseline 0.003 -29"><span class='ocrx_word' id='word_1_47' title='bbox 292 1349 470 1428; x_wconf 79' lang='lat' dir='ltr'>dignitatem</span> <span class='ocrx_word' id='word_1_48' title='bbox 491 1351 671 1411; x_wconf 80' lang='lat' dir='ltr'>sortiebatur</span> <span class='ocrx_word' id='word_1_49' title='bbox 691 1351 826 1425; x_wconf 80' lang='lat' dir='ltr'>neminie,</span> <span class='ocrx_word' id='word_1_50' title='bbox 848 1352 901 1437; x_wconf 84' lang='lat' dir='ltr'>qui</span> <span class='ocrx_word' id='word_1_51' title='bbox 922 1352 952 1410; x_wconf 93' lang='lat' dir='ltr'>in</span> <span class='ocrx_word' id='word_1_52' title='bbox 974 1352 1135 1411; x_wconf 86' lang='lat' dir='ltr'>elevatione</span> <span class='ocrx_word' id='word_1_53' title='bbox 1149 1351 1329 1427; x_wconf 89' lang='lat' dir='ltr'>plurioribus</span> <span class='ocrx_word' id='word_1_54' title='bbox 1349 1353 1478 1428; x_wconf 87' lang='lat' dir='ltr'>pollebat</span> 
     </span>
     <span class='ocr_line' id='line_1_9' title="bbox 292 1449 1477 1527; baseline 0.002 -18"><span class='ocrx_word' id='word_1_55' title='bbox 292 1449 376 1509; x_wconf 89' lang='lat' dir='ltr'>tonis.</span> <span class='ocrx_word' id='word_1_56' title='bbox 399 1450 486 1527; x_wconf 83' lang='lat' dir='ltr'>Isque</span> <span class='ocrx_word' id='word_1_57' title='bbox 507 1450 536 1509; x_wconf 93' lang='lat' dir='ltr'>in</span> <span class='ocrx_word' id='word_1_58' title='bbox 557 1454 676 1510; x_wconf 89' lang='lat' dir='ltr'>tantum</span> <span class='ocrx_word' id='word_1_59' title='bbox 694 1451 886 1526; x_wconf 81' lang='lat' dir='ltr'>judicabatur</span> <span class='ocrx_word' id='word_1_60' title='bbox 915 1450 1103 1521; x_wconf 89' lang='lat' dir='ltr'>minimellus‚</span> <span class='ocrx_word' id='word_1_61' title='bbox 1125 1452 1172 1509; x_wconf 89' lang='lat' dir='ltr'>cui</span> <span class='ocrx_word' id='word_1_62' title='bbox 1193 1451 1345 1527; x_wconf 86' lang='lat' dir='ltr'>pauciores</span> <span class='ocrx_word' id='word_1_63' title='bbox 1369 1451 1401 1510; x_wconf 91' lang='lat' dir='ltr'>in</span> <span class='ocrx_word' id='word_1_64' title='bbox 1422 1454 1477 1512; x_wconf 90' lang='lat' dir='ltr'>ele-</span> 
     </span>
     <span class='ocr_line' id='line_1_10' title="bbox 292 1548 1476 1625; baseline 0.001 -15"><span class='ocrx_word' id='word_1_65' title='bbox 292 1552 410 1610; x_wconf 82' lang='lat' dir='ltr'>vatione</span> <span class='ocrx_word' id='word_1_66' title='bbox 431 1551 552 1610; x_wconf 90' lang='lat' dir='ltr'>aderant</span> <span class='ocrx_word' id='word_1_67' title='bbox 572 1551 643 1622; x_wconf 86' lang='lat' dir='ltr'>toni,</span> <span class='ocrx_word' id='word_1_68' title='bbox 665 1552 699 1610; x_wconf 92' lang='lat' dir='ltr'>ut</span> <span class='ocrx_word' id='word_1_69' title='bbox 720 1567 772 1608; x_wconf 86' lang='lat' dir='ltr'>nac</span> <span class='ocrx_word' id='word_1_70' title='bbox 793 1549 909 1608; x_wconf 92' lang='lat' dir='ltr'>nomine</span> <span class='ocrx_word' id='word_1_71' title='bbox 930 1549 1124 1608; x_wconf 88' lang='lat' dir='ltr'>arbitraretur</span> <span class='ocrx_word' id='word_1_72' title='bbox 1145 1548 1250 1625; x_wconf 85' lang='lat' dir='ltr'>dignus</span> <span class='ocrx_word' id='word_1_73' title='bbox 1264 1549 1345 1625; x_wconf 92' lang='lat' dir='ltr'>quod</span> <span class='ocrx_word' id='word_1_74' title='bbox 1360 1550 1394 1609; x_wconf 90' lang='lat' dir='ltr'>in</span> <span class='ocrx_word' id='word_1_75' title='bbox 1408 1552 1476 1611; x_wconf 91' lang='lat' dir='ltr'>trito</span> 
     </span>
     <span class='ocr_line' id='line_1_11' title="bbox 293 1647 1478 1728; baseline 0.002 -21"><span class='ocrx_word' id='word_1_76' title='bbox 293 1649 412 1709; x_wconf 90' lang='lat' dir='ltr'>minime</span> <span class='ocrx_word' id='word_1_77' title='bbox 432 1651 612 1728; x_wconf 74' lang='lat' dir='ltr'>observatur,</span> <span class='ocrx_word' id='word_1_78' title='bbox 627 1649 678 1708; x_wconf 88' lang='lat' dir='ltr'>scd</span> <span class='ocrx_word' id='word_1_79' title='bbox 692 1649 789 1707; x_wconf 91' lang='lat' dir='ltr'>minor</span> <span class='ocrx_word' id='word_1_80' title='bbox 802 1648 928 1706; x_wconf 90' lang='lat' dir='ltr'>nominis</span> <span class='ocrx_word' id='word_1_81' title='bbox 943 1647 1117 1725; x_wconf 87' lang='lat' dir='ltr'>dignitatem</span> <span class='ocrx_word' id='word_1_82' title='bbox 1132 1649 1264 1724; x_wconf 89' lang='lat' dir='ltr'>adeptus,</span> <span class='ocrx_word' id='word_1_83' title='bbox 1280 1650 1372 1709; x_wconf 90' lang='lat' dir='ltr'>solita</span> <span class='ocrx_word' id='word_1_84' title='bbox 1387 1651 1478 1709; x_wconf 86' lang='lat' dir='ltr'>carnit</span> 
     </span>
     <span class='ocr_line' id='line_1_12' title="bbox 292 1748 1477 1826; baseline -0.001 -18"><span class='ocrx_word' id='word_1_85' title='bbox 292 1751 396 1826; x_wconf 89' lang='lat' dir='ltr'>major.</span> <span class='ocrx_word' id='word_1_86' title='bbox 417 1748 517 1826; x_wconf 82' lang='lat' dir='ltr'>Igitur</span> <span class='ocrx_word' id='word_1_87' title='bbox 536 1750 573 1807; x_wconf 90' lang='lat' dir='ltr'>ut</span> <span class='ocrx_word' id='word_1_88' title='bbox 594 1748 624 1806; x_wconf 93' lang='lat' dir='ltr'>in</span> <span class='ocrx_word' id='word_1_89' title='bbox 645 1749 749 1808; x_wconf 89' lang='lat' dir='ltr'>ceteris</span> <span class='ocrx_word' id='word_1_90' title='bbox 763 1750 859 1824; x_wconf 85' lang='lat' dir='ltr'>major</span> <span class='ocrx_word' id='word_1_91' title='bbox 872 1748 920 1806; x_wconf 93' lang='lat' dir='ltr'>hic</span> <span class='ocrx_word' id='word_1_92' title='bbox 930 1749 1091 1824; x_wconf 89' lang='lat' dir='ltr'>primatum</span> <span class='ocrx_word' id='word_1_93' title='bbox 1115 1751 1224 1823; x_wconf 84' lang='lat' dir='ltr'>teneat,</span> <span class='ocrx_word' id='word_1_94' title='bbox 1245 1749 1415 1807; x_wconf 88' lang='lat' dir='ltr'>notandum</span> <span class='ocrx_word' id='word_1_95' title='bbox 1438 1752 1477 1807; x_wconf 90' lang='lat' dir='ltr'>est</span> 
     </span>
     <span class='ocr_line' id='line_1_13' title="bbox 293 1847 1503 1927; baseline 0.001 -21"><span class='ocrx_word' id='word_1_96' title='bbox 293 1850 436 1908; x_wconf 89' lang='lat' dir='ltr'>minorem</span> <span class='ocrx_word' id='word_1_97' title='bbox 450 1847 639 1907; x_wconf 85' lang='lat' dir='ltr'>tetrardicam</span> <span class='ocrx_word' id='word_1_98' title='bbox 659 1847 767 1906; x_wconf 88' lang='lat' dir='ltr'>habere</span> <span class='ocrx_word' id='word_1_99' title='bbox 787 1847 857 1922; x_wconf 90' lang='lat' dir='ltr'>vim,</span> <span class='ocrx_word' id='word_1_100' title='bbox 873 1847 922 1906; x_wconf 89' lang='lat' dir='ltr'>sed</span> <span class='ocrx_word' id='word_1_101' title='bbox 938 1847 969 1904; x_wconf 93' lang='lat' dir='ltr'>in</span> <span class='ocrx_word' id='word_1_102' title='bbox 983 1847 1154 1919; x_wconf 87' lang='lat' dir='ltr'>elevatione,</span> <span class='ocrx_word' id='word_1_103' title='bbox 1170 1867 1227 1907; x_wconf 90' lang='lat' dir='ltr'>non</span> <span class='ocrx_word' id='word_1_104' title='bbox 1241 1848 1272 1905; x_wconf 91' lang='lat' dir='ltr'>in</span> <span class='ocrx_word' id='word_1_105' title='bbox 1286 1847 1476 1924; x_wconf 87' lang='lat' dir='ltr'>depositione.</span> <span class='ocrx_word' id='word_1_106' title='bbox 1501 1924 1503 1927; x_wconf 22' lang='grc' dir='ltr'>Ι</span> 
     </span>
    </p>
   </div>
   <div class='ocr_carea' id='block_1_5' title="bbox 471 1980 1285 2455">
    <p class='ocr_par' dir='ltr' id='par_1_5' title="bbox 471 1980 1285 2455">
     <span class='ocr_line' id='line_1_14' title="bbox 471 1980 1148 2059; baseline -0.001 -18"><span class='ocrx_word' id='word_1_107' title='bbox 471 1983 634 2059; x_wconf 80' lang='lat' dir='ltr'>Troporum</span> <span class='ocrx_word' id='word_1_108' title='bbox 654 1982 775 2058; x_wconf 90' lang='lat' dir='ltr'>quintus</span> <span class='ocrx_word' id='word_1_109' title='bbox 795 1983 882 2041; x_wconf 85' lang='lat' dir='ltr'>tritus</span> <span class='ocrx_word' id='word_1_110' title='bbox 904 1980 1031 2059; x_wconf 84' lang='lat' dir='ltr'>agricole</span> <span class='ocrx_word' id='word_1_111' title='bbox 1051 1981 1148 2042; x_wconf 88' lang='lat' dir='ltr'>dictus</span> 
     </span>
     <span class='ocr_line' id='line_1_15' title="bbox 473 2080 1226 2158; baseline 0.001 -19"><span class='ocrx_word' id='word_1_112' title='bbox 473 2081 642 2158; x_wconf 87' lang='lat' dir='ltr'>Insequitur</span> <span class='ocrx_word' id='word_1_113' title='bbox 661 2081 813 2157; x_wconf 88' lang='lat' dir='ltr'>splendens</span> <span class='ocrx_word' id='word_1_114' title='bbox 834 2099 933 2141; x_wconf 93' lang='lat' dir='ltr'>croceo</span> <span class='ocrx_word' id='word_1_115' title='bbox 954 2081 1102 2157; x_wconf 87' lang='lat' dir='ltr'>rubroque</span> <span class='ocrx_word' id='word_1_116' title='bbox 1125 2080 1226 2142; x_wconf 89' lang='lat' dir='ltr'>colore.</span> 
     </span>
     <span class='ocr_line' id='line_1_16' title="bbox 471 2178 1212 2257; baseline 0.001 -20"><span class='ocrx_word' id='word_1_117' title='bbox 471 2179 528 2238; x_wconf 89' lang='lat' dir='ltr'>Hic</span> <span class='ocrx_word' id='word_1_118' title='bbox 547 2181 692 2239; x_wconf 87' lang='lat' dir='ltr'>monstrat</span> <span class='ocrx_word' id='word_1_119' title='bbox 712 2182 823 2238; x_wconf 89' lang='lat' dir='ltr'>ceteras</span> <span class='ocrx_word' id='word_1_120' title='bbox 843 2196 931 2254; x_wconf 86' lang='lat' dir='ltr'>super</span> <span class='ocrx_word' id='word_1_121' title='bbox 952 2178 1102 2257; x_wconf 84' lang='lat' dir='ltr'>signacula</span> <span class='ocrx_word' id='word_1_122' title='bbox 1123 2181 1212 2240; x_wconf 88' lang='lat' dir='ltr'>notas.</span> 
     </span>
     <span class='ocr_line' id='line_1_17' title="bbox 471 2277 1285 2353; baseline 0.001 -17"><span class='ocrx_word' id='word_1_123' title='bbox 471 2279 635 2336; x_wconf 89' lang='lat' dir='ltr'>Deuterum</span> <span class='ocrx_word' id='word_1_124' title='bbox 657 2279 686 2335; x_wconf 92' lang='lat' dir='ltr'>et</span> <span class='ocrx_word' id='word_1_125' title='bbox 706 2280 825 2352; x_wconf 88' lang='lat' dir='ltr'>protum</span> <span class='ocrx_word' id='word_1_126' title='bbox 846 2277 1011 2353; x_wconf 87' lang='lat' dir='ltr'>subscripto</span> <span class='ocrx_word' id='word_1_127' title='bbox 1033 2277 1133 2336; x_wconf 91' lang='lat' dir='ltr'>ordine</span> <span class='ocrx_word' id='word_1_128' title='bbox 1153 2277 1285 2353; x_wconf 91' lang='lat' dir='ltr'>primum</span> 
     </span>
     <span class='ocr_line' id='line_1_18' title="bbox 471 2375 1162 2455; baseline -0.001 -20"><span class='ocrx_word' id='word_1_129' title='bbox 471 2376 607 2455; x_wconf 82' lang='lat' dir='ltr'>Olariger</span> <span class='ocrx_word' id='word_1_130' title='bbox 627 2395 660 2438; x_wconf 87' lang='lat' dir='ltr'>ac</span> <span class='ocrx_word' id='word_1_131' title='bbox 682 2376 766 2437; x_wconf 89' lang='lat' dir='ltr'>fortis</span> <span class='ocrx_word' id='word_1_132' title='bbox 787 2380 896 2436; x_wconf 88' lang='lat' dir='ltr'>reserat</span> <span class='ocrx_word' id='word_1_133' title='bbox 917 2376 958 2436; x_wconf 92' lang='lat' dir='ltr'>sic</span> <span class='ocrx_word' id='word_1_134' title='bbox 980 2375 1055 2436; x_wconf 90' lang='lat' dir='ltr'>ostia</span> <span class='ocrx_word' id='word_1_135' title='bbox 1075 2377 1162 2436; x_wconf 87' lang='lat' dir='ltr'>vocis.</span> 
     </span>
    </p>
   </div>
   <div class='ocr_carea' id='block_1_6' title="bbox 291 2529 1489 2900">
    <p class='ocr_par' dir='ltr' id='par_1_6' title="bbox 291 2529 1489 2900">
     <span class='ocr_line' id='line_1_19' title="bbox 332 2529 1489 2606; baseline 0.002 -18"><span class='ocrx_word' id='word_1_136' title='bbox 332 2530 411 2589; x_wconf 85' lang='lat' dir='ltr'>Nota</span> <span class='ocrx_word' id='word_1_137' title='bbox 432 2530 511 2606; x_wconf 90' lang='lat' dir='ltr'>quod</span> <span class='ocrx_word' id='word_1_138' title='bbox 532 2531 596 2589; x_wconf 89' lang='lat' dir='ltr'>finis</span> <span class='ocrx_word' id='word_1_139' title='bbox 618 2530 715 2606; x_wconf 90' lang='lat' dir='ltr'>quinti</span> <span class='ocrx_word' id='word_1_140' title='bbox 734 2529 815 2589; x_wconf 90' lang='lat' dir='ltr'>medi</span> <span class='ocrx_word' id='word_1_141' title='bbox 835 2529 951 2591; x_wconf 89' lang='lat' dir='ltr'>noviter</span> <span class='ocrx_word' id='word_1_142' title='bbox 972 2529 1143 2589; x_wconf 88' lang='lat' dir='ltr'>emendatus</span> <span class='ocrx_word' id='word_1_143' title='bbox 1157 2532 1201 2589; x_wconf 89' lang='lat' dir='ltr'>est</span> <span class='ocrx_word' id='word_1_144' title='bbox 1214 2529 1251 2589; x_wconf 88' lang='lat' dir='ltr'>ad</span> <span class='ocrx_word' id='word_1_145' title='bbox 1266 2532 1489 2606; x_wconf 86' lang='lat' dir='ltr'>proprietatem</span> 
     </span>
     <span class='ocr_line' id='line_1_20' title="bbox 292 2615 1472 2708; baseline -0.001 -20"><span class='ocrx_word' id='word_1_146' title='bbox 292 2629 423 2706; x_wconf 87' lang='lat' dir='ltr'>ejusdem</span> <span class='ocrx_word' id='word_1_147' title='bbox 437 2629 508 2700; x_wconf 85' lang='lat' dir='ltr'>toni,</span> <span class='ocrx_word' id='word_1_148' title='bbox 523 2632 591 2708; x_wconf 89' lang='lat' dir='ltr'>quia</span> <span class='ocrx_word' id='word_1_149' title='bbox 605 2630 654 2688; x_wconf 88' lang='lat' dir='ltr'>ille</span> <span class='ocrx_word' id='word_1_150' title='bbox 668 2629 733 2688; x_wconf 88' lang='lat' dir='ltr'>finis</span> <span class='ocrx_word' id='word_1_151' title='bbox 747 2629 843 2706; x_wconf 89' lang='lat' dir='ltr'>quiin</span> <span class='ocrx_word' id='word_1_152' title='bbox 856 2647 908 2688; x_wconf 89' lang='lat' dir='ltr'>uso</span> <span class='ocrx_word' id='word_1_153' title='bbox 924 2615 996 2702; x_wconf 85' lang='lat' dir='ltr'>erat,</span> <span class='ocrx_word' id='word_1_154' title='bbox 1011 2648 1069 2688; x_wconf 94' lang='lat' dir='ltr'>non</span> <span class='ocrx_word' id='word_1_155' title='bbox 1085 2632 1198 2704; x_wconf 88' lang='lat' dir='ltr'>poterat</span> <span class='ocrx_word' id='word_1_156' title='bbox 1213 2646 1272 2688; x_wconf 87' lang='lat' dir='ltr'>esse</span> <span class='ocrx_word' id='word_1_157' title='bbox 1293 2629 1388 2707; x_wconf 80' lang='lat' dir='ltr'>huJ‘us</span> <span class='ocrx_word' id='word_1_158' title='bbox 1403 2631 1472 2702; x_wconf 82' lang='lat' dir='ltr'>toni,</span> 
     </span>
     <span class='ocr_line' id='line_1_21' title="bbox 292 2727 1472 2805; baseline 0.001 -18"><span class='ocrx_word' id='word_1_159' title='bbox 292 2728 348 2787; x_wconf 88' lang='lat' dir='ltr'>nisi</span> <span class='ocrx_word' id='word_1_160' title='bbox 369 2727 501 2788; x_wconf 89' lang='lat' dir='ltr'>finiretur</span> <span class='ocrx_word' id='word_1_161' title='bbox 515 2746 584 2788; x_wconf 89' lang='lat' dir='ltr'>voce</span> <span class='ocrx_word' id='word_1_162' title='bbox 598 2728 695 2789; x_wconf 86' lang='lat' dir='ltr'>tertia.</span> <span class='ocrx_word' id='word_1_163' title='bbox 717 2727 801 2799; x_wconf 83' lang='lat' dir='ltr'>Quod</span> <span class='ocrx_word' id='word_1_164' title='bbox 822 2728 847 2786; x_wconf 90' lang='lat' dir='ltr'>si</span> <span class='ocrx_word' id='word_1_165' title='bbox 868 2727 950 2788; x_wconf 87' lang='lat' dir='ltr'>fieret</span> <span class='ocrx_word' id='word_1_166' title='bbox 969 2730 1114 2804; x_wconf 90' lang='lat' dir='ltr'>quantum</span> <span class='ocrx_word' id='word_1_167' title='bbox 1134 2727 1172 2786; x_wconf 87' lang='lat' dir='ltr'>ad</span> <span class='ocrx_word' id='word_1_168' title='bbox 1194 2728 1389 2789; x_wconf 86' lang='lat' dir='ltr'>elevationem</span> <span class='ocrx_word' id='word_1_169' title='bbox 1411 2750 1472 2805; x_wconf 87' lang='lat' dir='ltr'>per-</span> 
     </span>
     <span class='ocr_line' id='line_1_22' title="bbox 291 2827 1303 2900; baseline -0.001 -13"><span class='ocrx_word' id='word_1_170' title='bbox 291 2828 376 2900; x_wconf 88' lang='lat' dir='ltr'>tinet,</span> <span class='ocrx_word' id='word_1_171' title='bbox 399 2828 480 2886; x_wconf 87' lang='lat' dir='ltr'>nulla</span> <span class='ocrx_word' id='word_1_172' title='bbox 499 2827 663 2887; x_wconf 88' lang='lat' dir='ltr'>differentia</span> <span class='ocrx_word' id='word_1_173' title='bbox 677 2830 757 2887; x_wconf 88' lang='lat' dir='ltr'>esset</span> <span class='ocrx_word' id='word_1_174' title='bbox 777 2827 861 2886; x_wconf 89' lang='lat' dir='ltr'>inter</span> <span class='ocrx_word' id='word_1_175' title='bbox 875 2829 996 2887; x_wconf 87' lang='lat' dir='ltr'>autento</span> <span class='ocrx_word' id='word_1_176' title='bbox 1019 2827 1150 2887; x_wconf 89' lang='lat' dir='ltr'>tetrardo</span> <span class='ocrx_word' id='word_1_177' title='bbox 1171 2831 1201 2886; x_wconf 92' lang='lat' dir='ltr'>et</span> <span class='ocrx_word' id='word_1_178' title='bbox 1221 2827 1303 2886; x_wconf 88' lang='lat' dir='ltr'>trito.</span> 
     </span>
    </p>
   </div>
   <div class='ocr_carea' id='block_1_7' title="bbox 289 2959 856 3039">
    <p class='ocr_par' dir='ltr' id='par_1_7' title="bbox 289 2959 856 3039">
     <span class='ocr_line' id='line_1_23' title="bbox 289 2959 856 3039; baseline -0.004 0"><span class='ocrx_word' id='word_1_179' title='bbox 289 2959 856 3039; x_wconf 66' lang='lat' dir='ltr'>:e———=·÷·—·—-—</span> 
     </span>
    </p>
   </div>
   <div class='ocr_carea' id='block_1_8' title="bbox 289 2954 1477 3121">
    <p class='ocr_par' dir='ltr' id='par_1_8' title="bbox 289 2954 1477 3121">
     <span class='ocr_line' id='line_1_24' title="bbox 289 2954 1477 3121; baseline -0.01 1"><span class='ocrx_word' id='word_1_180' title='bbox 289 2954 1477 3121; x_wconf 48' lang='lat' dir='ltr'>-essa-r-:ffifffl—ssffi</span> 
     </span>
    </p>
   </div>
   <div class='ocr_carea' id='block_1_9' title="bbox 682 3064 786 3071">
    <p class='ocr_par' dir='ltr' id='par_1_9' title="bbox 682 3064 786 3071">
     <span class='ocr_line' id='line_1_25' title="bbox 682 3064 786 3071; baseline 0 0"><span class='ocrx_word' id='word_1_181' title='bbox 682 3064 786 3071; x_wconf 77' lang='lat'>-———-.</span> 
     </span>
    </p>
   </div>
   <div class='ocr_carea' id='block_1_10' title="bbox 353 3153 1255 3231">
    <p class='ocr_par' dir='ltr' id='par_1_10' title="bbox 353 3153 1255 3231">
     <span class='ocr_line' id='line_1_26' title="bbox 353 3153 1255 3231; baseline 0 -17"><span class='ocrx_word' id='word_1_182' title='bbox 353 3155 488 3231; x_wconf 77' lang='lat' dir='ltr'>Quinque</span> <span class='ocrx_word' id='word_1_183' title='bbox 508 3154 667 3231; x_wconf 84' lang='lat' dir='ltr'>prudentes</span> <span class='ocrx_word' id='word_1_184' title='bbox 749 3156 936 3214; x_wconf 88' lang='lat' dir='ltr'>intraverunt</span> <span class='ocrx_word' id='word_1_185' title='bbox 957 3153 994 3213; x_wconf 92' lang='lat' dir='ltr'>ad</span> <span class='ocrx_word' id='word_1_186' title='bbox 1135 3155 1255 3231; x_wconf 88' lang='lat' dir='ltr'>nuptias</span> 
     </span>
    </p>
   </div>
   <div class='ocr_carea' id='block_1_11' title="bbox 473 3702 1376 3762">
    <p class='ocr_par' dir='ltr' id='par_1_11' title="bbox 473 3702 1376 3762">
     <span class='ocr_line' id='line_1_27' title="bbox 473 3702 1376 3762; baseline -0.003 0"><span class='ocrx_word' id='word_1_187' title='bbox 473 3702 573 3762; x_wconf 83' lang='lat' dir='ltr'>Gloria</span> <span class='ocrx_word' id='word_1_188' title='bbox 803 3702 972 3761; x_wconf 89' lang='lat' dir='ltr'>seculorum</span> <span class='ocrx_word' id='word_1_189' title='bbox 1281 3719 1376 3760; x_wconf 87' lang='lat' dir='ltr'>amen.</span> 
     </span>
    </p>
   </div>
   <div class='ocr_carea' id='block_1_12' title="bbox 290 3827 1285 3988">
    <p class='ocr_par' dir='ltr' id='par_1_12' title="bbox 290 3801 1285 3988">
     <span class='ocr_line' id='line_1_28' title="bbox 292 3827 1285 3907; baseline -0.001 -20"><span class='ocrx_word' id='word_1_190' title='bbox 292 3829 357 3887; x_wconf 82' lang='lat' dir='ltr'>Vox</span> <span class='ocrx_word' id='word_1_191' title='bbox 378 3829 540 3888; x_wconf 87' lang='lat' dir='ltr'>clamantis.</span> <span class='ocrx_word' id='word_1_192' title='bbox 902 3827 1014 3887; x_wconf 87' lang='lat' dir='ltr'>Solvite</span> <span class='ocrx_word' id='word_1_193' title='bbox 1034 3828 1188 3902; x_wconf 88' lang='lat' dir='ltr'>templum,</span> <span class='ocrx_word' id='word_1_194' title='bbox 1283 3903 1285 3907; x_wconf 66' lang='lat'>,</span> 
     </span>
     <span class='ocr_line' id='line_1_29' title="bbox 290 3926 1215 3988; baseline -0.003 -2"><span class='ocrx_word' id='word_1_195' title='bbox 290 3929 405 3987; x_wconf 85' lang='lat' dir='ltr'>Montes</span> <span class='ocrx_word' id='word_1_196' title='bbox 427 3931 457 3988; x_wconf 91' lang='lat' dir='ltr'>et</span> <span class='ocrx_word' id='word_1_197' title='bbox 478 3945 586 3987; x_wconf 90' lang='lat' dir='ltr'>omnes.</span> <span class='ocrx_word' id='word_1_198' title='bbox 905 3927 1089 3986; x_wconf 85' lang='lat' dir='ltr'>llxultebunt</span> <span class='ocrx_word' id='word_1_199' title='bbox 1108 3926 1215 3985; x_wconf 88' lang='lat' dir='ltr'>omnia.</span> 
     </span>
    </p>
   </div>
   <div class='ocr_carea' id='block_1_13' title="bbox 291 4029 446 4090">
    <p class='ocr_par' dir='ltr' id='par_1_13' title="bbox 291 4029 446 4090">
     <span class='ocr_line' id='line_1_30' title="bbox 291 4029 446 4090; baseline 0 -2"><span class='ocrx_word' id='word_1_200' title='bbox 291 4029 446 4090; x_wconf 81' lang='lat' dir='ltr'>letamini.</span> 
     </span>
    </p>
   </div>
   <div class='ocr_carea' id='block_1_14' title="bbox 294 4143 1466 4321">
    <p class='ocr_par' dir='ltr' id='par_1_14' title="bbox 294 4143 1466 4321">
     <span class='ocr_line' id='line_1_31' title="bbox 332 4143 1466 4233; baseline 0 -27"><span class='ocrx_word' id='word_1_201' title='bbox 332 4148 366 4206; x_wconf 94' lang='lat' dir='ltr'>In</span> <span class='ocrx_word' id='word_1_202' title='bbox 388 4147 523 4223; x_wconf 80' lang='lat' dir='ltr'>predictis</span> <span class='ocrx_word' id='word_1_203' title='bbox 544 4143 712 4221; x_wconf 85' lang='lat' dir='ltr'>antiphonis</span> <span class='ocrx_word' id='word_1_204' title='bbox 726 4148 756 4205; x_wconf 91' lang='lat' dir='ltr'>et</span> <span class='ocrx_word' id='word_1_205' title='bbox 777 4164 877 4233; x_wconf 83' lang='lat' dir='ltr'>aarum</span> <span class='ocrx_word' id='word_1_206' title='bbox 890 4144 1035 4204; x_wconf 88' lang='lat' dir='ltr'>similibus</span> <span class='ocrx_word' id='word_1_207' title='bbox 1050 4143 1245 4206; x_wconf 79' lang='lat' dir='ltr'>formulahe&#39;o</span> <span class='ocrx_word' id='word_1_208' title='bbox 1260 4148 1306 4206; x_wconf 79' lang='lat' dir='ltr'>det</span> <span class='ocrx_word' id='word_1_209' title='bbox 1321 4149 1466 4225; x_wconf 76' lang='lat' dir='ltr'>apposita;</span> 
     </span>
     <span class='ocr_line' id='line_1_32' title="bbox 294 4243 1104 4321; baseline -0.002 -17"><span class='ocrx_word' id='word_1_210' title='bbox 294 4245 324 4305; x_wconf 91' lang='lat' dir='ltr'>in</span> <span class='ocrx_word' id='word_1_211' title='bbox 344 4245 586 4321; x_wconf 88' lang='lat' dir='ltr'>subsequentibus</span> <span class='ocrx_word' id='word_1_212' title='bbox 606 4248 706 4304; x_wconf 86' lang='lat' dir='ltr'>autem</span> <span class='ocrx_word' id='word_1_213' title='bbox 727 4244 785 4303; x_wconf 88' lang='lat' dir='ltr'>erit</span> <span class='ocrx_word' id='word_1_214' title='bbox 805 4243 941 4303; x_wconf 90' lang='lat' dir='ltr'>similiter</span> <span class='ocrx_word' id='word_1_215' title='bbox 962 4244 1104 4321; x_wconf 88' lang='lat' dir='ltr'>apposita.</span> 
     </span>
    </p>
   </div>
   <div class='ocr_carea' id='block_1_15' title="bbox 330 4438 900 4515">
    <p class='ocr_par' dir='ltr' id='par_1_15' title="bbox 330 4438 900 4515">
     <span class='ocr_line' id='line_1_33' title="bbox 330 4438 900 4515; baseline -0.005 -22"><span class='ocrx_word' id='word_1_216' title='bbox 330 4440 369 4515; x_wconf 85' lang='lat'>(1)</span> <span class='ocrx_word' id='word_1_217' title='bbox 390 4439 459 4495; x_wconf 90' lang='lat' dir='ltr'>Vedi</span> <span class='ocrx_word' id='word_1_218' title='bbox 478 4445 546 4495; x_wconf 87' lang='lat' dir='ltr'>ncta</span> <span class='ocrx_word' id='word_1_219' title='bbox 564 4438 609 4495; x_wconf 87' lang='lat' dir='ltr'>del</span> <span class='ocrx_word' id='word_1_220' title='bbox 627 4439 703 4509; x_wconf 81' lang='lat' dir='ltr'>(lapo</span> <span class='ocrx_word' id='word_1_221' title='bbox 722 4438 900 4510; x_wconf 86' lang='lat' dir='ltr'>precedente.</span> 
     </span>
    </p>
   </div>
   <div class='ocr_carea' id='block_1_16' title="bbox 0 0 1564 5144">
    <p class='ocr_par' dir='ltr' id='par_1_16' title="bbox 0 0 1564 5144">
     <span class='ocr_line' id='line_1_34' title="bbox 0 0 1564 5144; baseline 0 1"><span class='ocrx_word' id='word_1_222' title='bbox 0 0 1564 5144; x_wconf 95' lang='lat' dir='ltr'> </span> 
     </span>
    </p>
   </div>
  </div>
 </body>
</html>
