3030 5138
285 323 338 414 aas
726 359 838 415 sumo
859 359 1037 414 inermo-

329 507 494 592 Praeterea
505 529 581 570 cum
596 505 740 590 aliquem
756 514 889 570 cantare
903 505 1064 588 audimus,
1079 509 1223 592 primam
1242 509 1314 572 eius
1330 527 1455 588 vocem,

285 613 467 680 cuiusmodi
492 617 542 696 sit,
568 617 778 699 ignoramus,
801 615 878 699 quia
902 623 1013 679 utrum
1036 617 1106 680 toni
1130 615 1183 680 vel
1207 617 1386 681 semitonia
1410 639 1458 680 re-

284 722 423 809 liquaeve
447 722 571 808 species
589 730 777 806 sequantur,
796 723 970 786 nescimus.
989 723 1100 786 Finito
1117 745 1195 787 vero
1216 732 1319 787 cantu
1336 723 1459 787 ultimae

283 831 375 893 vocis
397 829 531 894 modum
555 851 598 894 ex
621 829 797 914 praeteritis
821 837 934 913 aperte
963 830 1180 912 agnoscimus.
1204 829 1346 914 Incepto
1373 832 1459 894 enim

285 945 394 1018 cantu,
419 936 499 1020 quid
522 944 686 1020 sequatur,
712 937 852 1020 ignoras,
877 931 969 999 finito
993 944 1112 1018 autem,
1136 934 1218 1021 quid
1241 939 1456 1021 praecesserit,

286 1044 390 1109 vides.
414 1043 530 1128 ltaque
554 1041 660 1105 finalis
684 1063 750 1106 vox
773 1050 831 1123 est,
856 1063 955 1127 quam
988 1041 1103 1105 melius
1126 1042 1307 1105 intuemur.
1332 1043 1461 1107 Deinde

287 1153 314 1215 si
338 1149 446 1214 eidem
462 1151 575 1213 cantui
588 1171 720 1214 versum
737 1157 796 1213 aut
815 1148 988 1233 psalmum,
1008 1158 1065 1213 aut
1084 1149 1207 1234 aliquid
1225 1149 1310 1214 velis
1327 1149 1460 1214 subiun-

286 1280 374 1347 gere,
399 1255 442 1320 ad
465 1256 596 1321 finalem
615 1277 729 1320 vocem
751 1257 955 1341 permaxime
978 1277 1059 1341 opus
1081 1265 1131 1319 est
1153 1265 1321 1341 coaptare,
1338 1278 1407 1321 non
1421 1256 1461 1320 ad

265 1361 267 1365 ’
287 1365 401 1450 primae
424 1364 477 1428 vel
499 1365 639 1427 aliarum
662 1363 745 1427 adeo
769 1363 1004 1447 inspectionem
1026 1363 1146 1428 redire.

332 1470 478 1535 Additur
500 1492 628 1556 qnoque
652 1470 679 1532 dr
703 1468 795 1551 illud,
826 1469 913 1555 quod
945 1472 1094 1535 accurati
1129 1480 1246 1535 cantus
1270 1471 1306 1534 in
1330 1470 1460 1535 finalem

288 1600 401 1644 vocem
424 1578 569 1641 maxime
592 1576 818 1647 distinctiones
842 1577 985 1641 mittant.
1009 1577 1078 1640 Nec
1100 1578 1221 1641 mirum
1246 1587 1307 1660 est,
1331 1578 1461 1664 regulas

288 1686 449 1748 musicam
472 1704 600 1748 sumere
624 1706 644 1746 a
666 1681 759 1746 finali
781 1705 873 1765 voce,
898 1705 972 1748 cum
996 1695 1023 1753 ἃ
1043 1687 1077 1747 in
1101 1683 1337 1749 Grammaticae
1362 1688 1461 1771 parti·

289 1794 350 1858 bus
365 1794 448 1856 artis
467 1815 549 1878 pene
568 1790 690 1877 ubique
706 1793 774 1854 vim
793 1813 906 1855 sensus
921 1792 956 1855 in
971 1792 1096 1855 ultimis
1116 1790 1236 1856 litteris
1253 1791 1308 1856 vel
1325 1790 1460 1877 syllabis

288 1922 349 1986 per
371 1922 476 1979 casus,
501 1921 664 1981 numeros,
687 1920 853 1985 personas,
879 1908 1088 1983 temporaque
1108 1899 1338 1962 discernimus
1356 1900 1461 1982 Igitur

290 2008 368 2093 quia
390 2017 418 2075 rt
441 2007 547 2071 omnis
570 2004 641 2069 laus
666 2008 700 2069 in
723 2006 789 2069 fine
813 2007 951 2088 canitur,
977 2005 1047 2068 iure
1070 2004 1219 2086 dicimus,
1243 2004 1334 2090 quod
1358 2006 1459 2069 omnis
1482 1979 1494 2005 ⁴

289 2126 406 2182 cantus
430 2117 460 2180 ei
485 2117 527 2180 sit
550 2115 645 2179 modo
669 2114 846 2198 subiectus,
870 2129 897 2187 ἃ
921 2104 968 2179 ab
987 2135 1025 2177 eo
1048 2113 1142 2179 modo
1166 2113 1318 2196 regulam
1343 2114 1479 2198 sumat,

284 2226 348 2310 ¹qui
364 2223 499 2288 ultimus
512 2233 616 2287 sonat.
631 2222 663 2287 A
678 2220 769 2286 finali
786 2223 898 2308 itaque
914 2244 994 2286 voce
1019 2222 1061 2285 ad
1085 2222 1234 2306 quintam
1258 2221 1294 2310 in
1319 2221 1459 2306 quolibet

292 2340 392 2395 cautu
416 2332 502 2394 iusta
525 2340 575 2394 est
609 2329 778 2415 depositio,
802 2343 955 2413 &usque
979 2328 1022 2391 ad
1046 2336 1179 2392 octavas
1209 2326 1363 2410 elevatio,
1389 2328 1458 2392 licet

290 2445 405 2500 contra
428 2436 513 2501 hanc
537 2437 684 2521 regulam
700 2435 873 2522 saepe‘fiat,
889 2435 1021 2499 eumad
1037 2457 1167 2515 nonam,
1188 2432 1397 2499 decimamve
1412 2433 1456 2500 vel

290 2542 499 2607 undecimam
511 2543 770 2628 progrediamur.
788 2543 881 2607 Unde
894 2556 921 2613 ds
934 2541 1047 2606 finales
1056 2563 1150 2606 voees
1163 2549 1354 2604 statuerunt
1366 2543 1410 2621 D,
1423 2540 1456 2620 E,

291 2651 333 2726 F,
356 2648 397 2727 G,
415 2650 493 2734 qnia
516 2649 567 2712 his
590 2649 950 2735 primumproedictam
968 2648 1184 2712 elevationem
1209 2645 1261 2710 vel
1287 2635 1455 2737 depositio·

292 2778 366 2820 nem
386 2756 596 2820 monochordi
615 2757 732 2841 positio
751 2754 1009 2820 commodaverit
1024 2752 1157 2835 habent3
1175 2754 1262 2817 enim
1281 2751 1354 2817 hacc
1374 2752 1453 2817 deor-

292 2884 364 2926 sum
384 2884 485 2926 unum
503 2863 749 2928 tetrachordum
764 2863 927 2947 gravium,
945 2883 1073 2926 sursum
1089 2882 1166 2925 vero
1190 2859 1256 2924 duo
1280 2870 1451 2924 acutarum.

491 3435 536 3480 DE}
560 3436 728 3482 mvtfflortn
751 3435 907 3487 QUATUOR
932 3434 1094 3480 MODORUM
1118 3435 1155 3480 m
1178 3433 1262 3479 00Το

336 3631 469 3694 Interea
487 3651 563 3692 cum
582 3637 697 3693 cantus
721 3629 818 3693 unius
850 3628 950 3706 modi,
973 3636 1086 3713 utpote
1109 3629 1205 3713 proti,
1229 3625 1272 3690 ad
1297 3647 1450 3714 compara·

294 3738 415 3801 tionem
438 3736 512 3800 finis
536 3745 606 3799 tum
630 3736 696 3799 sint
718 3757 835 3820 graves
859 3748 886 3806 ἃ
910 3736 1010 3821 plani,
1033 3744 1105 3799 tum
1129 3734 1218 3798 acuti
1243 3746 1270 3804 ἃ
1295 3734 1369 3817 alti,
1392 3753 1451 3797 ver-

294 3866 348 3910 sus
371 3857 399 3915 ἃ
423 3843 553 3929 psalmi,
575 3857 603 3914 ἃ
627 3844 747 3929 siquid,
772 3852 808 3907 ut
831 3843 985 3924 diximus,
1010 3841 1068 3906 fini
1091 3840 1272 3927 aptandum
1297 3850 1380 3925 erat,
1401 3857 1453 3903 uno

205 3956 207 3960 ’
293 3951 473 4036 eodemque
496 3950 591 4014 modo
616 3949 791 4036 prolatum,
816 3950 954 4015 diversis
977 3949 1085 4034 aptari
1116 3969 1181 4012 non
1205 3957 1348 4034 poterat.
1372 3944 1454 4027 Quod

294 4059 383 4121 enim
400 4056 669 4141 subiungebatur,
689 4058 718 4122 si
737 4051 809 4123 erat
819 4079 930 4143 grave,
944 4078 1018 4120 cum
1034 4058 1139 4119 acutis
1158 4077 1223 4120 non
1239 4053 1455 4137 conveniebat,

294 4165 321 4228 si
341 4173 412 4227 erat
429 4172 572 4246 acutum,
592 4186 612 4227 a
630 4164 788 4250 gravibus
807 4162 1029 4228 discordabat.
1053 4160 1236 4227 Consilium
1260 4162 1374 4247 itaque
1396 4160 1456 4239 fuit,

295 4279 331 4334 ut
354 4270 490 4354 quisque
513 4269 629 4334 modus
656 4271 837 4355 partiretur
861 4271 895 4334 in
919 4271 1010 4351 duos,
1035 4267 1070 4333 id
1093 4277 1151 4349 est,
1178 4277 1314 4331 acutum
1338 4279 1366 4336 ἃ
1394 4287 1458 4350 gra·

295 4398 379 4459 vem,
404 4372 652 4460 distributisque
665 4375 798 4460 'regulis
821 4385 919 4441 acuta
943 4397 1019 4440 cum
1037 4375 1152 4456 acutis,
1169 4383 1198 4440 ds
1217 4374 1335 4458 gravia
1352 4393 1458 4437 conve·
