3030 5138
284 362 335 416 380
646 398 659 424 ὁ
722 361 833 416 effluo
852 361 1013 416 Altll'l'lNO

282 504 527 568 distinctionum
557 502 601 567 ad
624 507 756 588 quintas
786 505 971 589 intendere,
999 528 1073 570 cum
1098 507 1126 570 a
1149 506 1192 569 ad
1216 515 1352 590 quartas
1384 529 1459 592 per·

281 633 355 675 raro
379 594 490 675 soleat
505 614 638 675 evenire
659 614 721 694 (1).
744 612 784 676 In
811 611 975 676 authentis
998 634 1090 695 vero,
1121 621 1240 699 praeter
1272 612 1455 694 deuterum,

283 718 397 781 eadem
415 719 578 803 principia
597 717 625 781 o
643 718 724 783 fines
744 718 993 782 distinctionum
1016 719 1150 782 minime
1173 717 1251 785 licet
1274 718 1319 782 ad
1343 727 1456 782 sextas
1483 802 1486 809 ἱ

282 824 462 905 intendere,
487 825 592 911 plagae
623 846 702 889 vero
726 827 812 908 proti
836 823 889 888 vel
913 826 984 888 triti
1009 825 1052 888 ad
1077 826 1191 888 tertias
1214 824 1413 906 intendunt,
1437 838 1459 895 u

281 934 385 1017 plagae
408 931 536 995 deuteri
562 932 745 996 &tetrardi
770 930 812 994 ad
837 940 970 1015 quartas
995 931 1179 998 intendunt.

327 1040 518 1103 Memineris
541 1047 709 1124 praterea,
734 1036 820 1122 quod
844 1039 929 1101 sicut
951 1037 1114 1101 usualium
1137 1047 1296 1102 cantuum
1321 1046 1459 1102 attesta-

282 1122 370 1210 tione
385 1144 584 1230 perhibetur,
601 1144 750 1208 authenti
768 1146 825 1210 vix
839 1168 870 1209 ¹a
893 1167 950 1209 suo
969 1145 1034 1208 fine
1053 1145 1126 1231 plus
1141 1169 1209 1210 una
1225 1168 1307 1210 voce
1324 1147 1457 1211 descen-

282 1254 376 1317 dunt.
401 1252 455 1315 Ex
478 1252 598 1336 quibus
622 1251 799 1315 authentus
822 1253 920 1316 tritus
943 1253 1110 1315 rarissime
1133 1252 1167 1316 id
1187 1252 1300 1317 ¹facere
1325 1263 1458 1340 propter

283 1359 464 1424 subiectam
488 1359 653 1422 semitonii
677 1357 956 1442 imperfectionem
975 1349 1121 1421 videtur.¹
1135 1358 1332 1424 Ascendunt
1348 1369 1458 1442 autem

283 1466 433 1530 authenti
453 1487 555 1550 usque
574 1464 617 1528 ad
633 1474 782 1529 octavam
803 1468 971 1545 anonam,
990 1463 1043 1528 vel
1068 1466 1168 1528 etiarn
1192 1465 1367 1530 decimam.
1391 1467 1459 1530 Pla-

283 1595 331 1658 gae
354 1595 432 1637 vero
456 1571 498 1635 ad
522 1573 652 1655 quintas
672 1573 927 1639 remittuntur&
948 1573 997 1634 int
984 1571 1125 1634 ttendun
1112 1580 1175 1634 t.ur
1193 1571 1259 1636 Sed
1278 1573 1457 1636 intensioni

283 1687 379 1742 sexta
392 1677 445 1741 vel
461 1686 532 1762 sept
536 1678 601 1740 ima
619 1686 696 1740 auct
698 1681 796 1741 oritat
783 1676 950 1741 tetribuit
938 1687 1000 1759 tur,
1026 1679 1111 1742 sicut
1130 1680 1164 1742 in
1181 1677 1351 1744 authentis
1374 1702 1458 1744 nona

285 1789 308 1846 a
326 1784 466 1848 decima
490 1782 600 1867 Plagae
624 1805 701 1847 vero
724 1793 797 1869 prot
802 1785 824 1865 i,
784 1783 918 1847 tdetu
905 1785 976 1865 teri,
995 1793 1018 1851 tr
1036 1785 1104 1847 triti
1126 1785 1332 1869 aliquando
1323 1809 1359 1850 ιιι
1378 1810 1400 1850 α
1417 1787 1457 1868 ιι

285 1899 398 1955 acutas
422 1890 605 1954 necessario
628 1889 823 1954 fininuntur.

329 1996 535 2082 Supradictae
555 2004 666 2060 autem
684 1998 803 2080 regulae
823 1997 1027 2082 permaxime
1043 2004 1201 2060 caventur
1217 1999 1251 2060 in
1267 1998 1457 2082 antiphonis

284 2115 317 2169 et
336 2103 559 2188 responsoriis,
584 2124 722 2188 quorum
745 2112 861 2166 cantus
880 2112 916 2167 ut
939 2102 1074 2189 psalmis
1090 2116 1113 2172 a
1131 2102 1283 2168 versibus
1304 2114 1455 2190 coapten-

286 2221 350 2294 tur,
374 2218 510 2296 oportet,
535 2208 763 2273 communibus
793 2210 914 2293 regulis
945 2209 1134 2273 fulciantur.
1158 2208 1317 2295 Alioquin
1348 2210 1455 2295 plures

287 2329 403 2385 cantus
424 2319 582 2400 invenies,
607 2316 784 2402 inquibus
813 2317 894 2381 adeo
918 2316 1130 2381 confunditur
1152 2318 1301 2400 gravitas
1332 2333 1357 2390 a
1385 2341 1455 2382 acu-

285 2449 407 2509 men,u
385 2435 506 2490 non
520 2433 623 2511 possi
639 2424 779 2506 adverti,
793 2447 848 2489 cur
861 2446 975 2508 magis
992 2425 1095 2488 idt
1046 2433 1095 2488 est
1097 2434 1178 2506 ,aut
1165 2424 1259 2488 theut
1246 2434 1279 2488 to
1295 2448 1339 2489 an
1356 2426 1453 2511 plagae

286 2532 510 2597 conferantur.
539 2532 702 2594 Praeterea
733 2544 756 2600 a
780 2533 815 2594 in
844 2532 1030 2614 ignotorum
1054 2539 1210 2594 cantuum
1234 2533 1452 2617 inquisitione,

286 2637 517 2724 praedictarum
533 2659 727 2702 neumarum
742 2652 765 2709 u
780 2636 1046 2723 subjunctionum
1059 2639 1263 2724 appositione
1280 2626 1451 2724 plurimum

286 2748 492 2828 adiuvamur,
511 2767 586 2809 cum
608 2746 725 2809 talium
743 2753 828 2829 aptit
788 2741 933 2809 titudine
948 2747 1032 2808 soni
1022 2746 1198 2830 cuiusque
1222 2747 1450 2832 proprietatem

286 2852 436 2939 pervim
459 2854 622 2937 tropicam
643 2853 819 2916 intuemur.
840 2851 977 2915 Estt
920 2861 977 2917 aut
979 2874 1029 2917 em
1049 2861 1161 2936 tropus
1185 2855 1311 2936 species
1336 2854 1449 2918 cantio

286 2961 349 3041 nis,
372 2960 428 3044 qui
453 2972 475 3030 a
498 2957 613 3022 modus
636 2958 817 3023 dictust
768 2967 826 3042 est,
852 2959 1016 3022 etadhuc
1041 2956 1216 3022 dicendum
1240 2969 1290 3023 est
1277 2960 1355 3024 tde
1379 2981 1422 3025 eo.

728 3245 896 3394 'carun
921 3292 1006 3356 xiv

577 3510 621 3553 DE
645 3509 772 3570 TROPIS,
796 3510 840 3552 ΕΤ
864 3508 1015 3553 ἩΒΤΠΤΕ
1038 3508 1169 3553 MUSIOAE

331 3701 458 3766 Horum
482 3699 617 3786 quidam
649 3708 815 3785 troporum
840 3701 1013 3764 exercitati
1037 3722 1099 3764 usu
1127 3701 1174 3764 ita
1198 3703 1447 3791 proprietatest

288 3807 448 3871 discretas
472 3807 583 3887 facies,
603 3817 641 3870 ut
660 3808 708 3870 ita
726 3806 844 3889 dicam,
869 3808 1032 3892 extemplo
1052 3816 1090 3872 ut
1112 3807 1291 3889 audierint,
1311 3824 1448 3892 recogno

287 3923 393 3996 scunt,
410 3916 496 3977 sicut
510 3914 633 3998 peritus
650 3915 798 3998 gentium
813 3935 924 3977 coram
941 3913 1055 3997 positis
1072 3911 1183 3975 multis
1199 3911 1334 3993 habitus
1352 3929 1448 3977 eorum

288 4021 410 4084 intueri
440 4028 547 4105 potest
577 4034 600 4090 ts
630 4020 752 4083 dicere:
787 4019 842 4082 hic
865 4019 1000 4084 Graecus
1032 4028 1090 4100 est,
1119 4018 1173 4082 ille
1204 4019 1386 4105 Hispanus,
1408 4018 1450 4082 hic

289 4127 430 4220 Latinus
453 4140 477 4196 ι
499 4126 555 4190 ille
579 4127 789 4209 Teutonicus,
813 4128 874 4191 iste
898 4148 976 4190 vero
1000 4125 1134 4191 Gallus:
1158 4132 1257 4210 atque
1287 4127 1335 4191 ita
1355 4126 1450 4190 diver·

325 4361 366 4429 ll)
390 4359 506 4412 Videtur
524 4359 689 4430 legendum:
709 4360 816 4412 soleant
830 4360 983 4427 peruenire.
