3120 5144
492 402 604 459 GUIDO
623 403 783 460 ARETINO

56 1013 60 1019 ·
134 998 236 1058 Gloria
316 1000 479 1060 seculorum
540 1020 634 1059 emen.
718 1002 838 1077 AperIIs
998 1001 1151 1061 thesauris.

54 1145 166 1204 Diffusa
186 1147 239 1205 est.
665 1143 808 1203 Dominus
827 1144 914 1203 Jesus
936 1162 987 1220 per
1008 1163 1105 1220 quem.

54 1243 160 1303 Veniet
179 1243 325 1303 dominus.
666 1244 791 1322 Exurge,
812 1243 948 1316 Domine,
970 1245 1001 1302 et
1018 1241 1130 1320 judica.

57 1342 188 1402 Laudato
209 1343 372 1403 dominum.

95 1479 130 1538 In
153 1479 299 1556 premissis
320 1479 487 1555 antiphonis
507 1482 656 1558 preposita
670 1485 715 1542 est
728 1480 876 1541 distinctio
891 1499 942 1557 per
963 1479 1099 1540 ditonum
1119 1478 1150 1537 in
1170 1478 1239 1537 sub·

57 1578 226 1655 sequetibus
247 1579 388 1655 apposita.

201 2097 300 2157 Gloria
433 2098 596 2157 seculorum
765 2120 860 2159 amen.

62 2235 156 2294 Erunt
176 2234 264 2311 primi
285 2233 435 2295 novissimi
673 2235 715 2294 Hi
733 2239 802 2296 sunt
824 2237 876 2313 qui
897 2256 973 2297 oum.

63 2336 114 2409 lte,
137 2335 233 2395 dicite.
673 2337 796 2397 Mittens
816 2338 870 2396 hec
889 2337 1004 2396 mulier.

62 2436 200 2495 Miserere
220 2435 287 2509 mei,
309 2436 397 2495 Deus.
674 2435 755 2495 Tune
775 2437 905 2514 precepit
927 2453 983 2495 eos.

63 2534 126 2606 Exi,
148 2535 206 2593 olto
228 2534 259 2593 in
279 2535 399 2611 plateas.
581 2562 582 2565 ¹
673 2534 786 2600 Vadam
808 2535 845 2595 ad
866 2537 990 2611 patrem.

63 2631 128 2691 Soio
149 2632 242 2708 eujus.
672 2632 817 2691 Dominus
837 2631 928 2706 dedit,
949 2633 1100 2693 Dominus.

64 2729 134 2788 Vidi
156 2729 318 2789 dominum.
676 2729 737 2789 Vos
758 2731 853 2791 amioi.

65 2828 145 2887 Leve
164 2829 336 2887 Jerusalem.
680 2827 780 2888 Sancti
801 2831 852 2906 qui
872 2833 999 2907 sperant.

66 2927 136 2987 lloae
157 2927 256 2988 veniet
276 2928 365 2987 Deus.
677 2928 784 2990 Fontes
806 2931 844 2989 et.

440 3097 552 3128 EXPLICIT
568 3098 641 3130 PRIMA
656 3099 716 3129 Plus
731 3097 799 3128 PRIMI
814 3098 875 3128 mom

522 3324 746 3384 cnPITULUM
766 3326 796 3384 II

365 3489 493 3530 SECUNDA
513 3489 585 3530 PARS
607 3489 736 3530 moenum
756 3489 829 3531 Mem
849 3489 957 3531 monus
977 3535 983 3546 ,

109 3643 329 3722 Supersoriptus
343 3645 441 3703 autem
456 3644 560 3720 protus
573 3642 605 3701 in
618 3660 688 3701 vooe
702 3645 809 3718 quarta
823 3642 904 3719 apud
917 3642 1057 3718 quosdam
1070 3641 1170 3721 agitur
1184 3661 1250 3702 oum
1297 3690 1299 3693 .

69 3745 205 3806 omnibus
219 3742 356 3802 formulis
369 3741 427 3802 sibi
440 3741 603 3820 assignatis
627 3741 772 3811 Quoniam
793 3743 890 3801 autem
908 3742 1081 3815 Clitteram,
1096 3760 1152 3818 que
1173 3742 1251 3818 apud

69 3846 182 3904 veteres
202 3841 292 3901 tertia
311 3840 485 3912 habebatur,
506 3859 559 3917 pro
581 3842 660 3900 serto
675 3839 868 3915 comperimus
882 3859 917 3899 ex
930 3859 1118 3899 numerorum
1139 3841 1252 3902 ratione

70 3943 132 4003 fore
153 3940 295 4017 primam
316 3939 422 3999 ideireo
442 3939 519 3998 hunc
540 3944 658 4016 protum
679 3939 709 3998 in
731 3945 766 4012 D,
790 3939 819 3997 id
840 3941 885 3998 est
904 3938 1031 3999 secunda
1054 3940 1165 4015 lIttera,
1186 3959 1252 4000 oiim

70 4039 209 4101 omnibus
243 4038 376 4097 formulis
412 4037 567 4114 assignatis
601 4037 802 4114 dIsposuimus.
831 4037 989 4098 Noluimus
1023 4039 1122 4097 autem
1149 4057 1253 4098 vocum

70 4139 191 4200 modum
207 4138 236 4196 in
250 4136 358 4198 litteris
373 4137 498 4211 mutare,
512 4156 547 4196 ne
568 4155 650 4200 error
669 4137 768 4197 minus
783 4136 937 4214 oapaoibus
952 4138 1034 4198 fieret
1051 4137 1252 4214 permaximus.

71 4240 136 4298 Hoo
156 4238 275 4297 tantum
297 4236 461 4295 studuimus
476 4238 512 4295 ut
526 4255 560 4294 ea
574 4254 640 4308 vox,
655 4255 712 4312 que
727 4237 884 4296 seeundum
899 4256 1086 4297 numerorum
1101 4237 1254 4307 rationem,

71 4339 167 4416 prima
189 4340 261 4408 erat,
282 4337 344 4396 looo
366 4339 462 4413 primo
476 4354 657 4413 poneremus,
673 4336 748 4395 etin
761 4336 935 4397 monocordo
956 4336 1052 4415 prima
1072 4335 1254 4415 affigeretur,

72 4441 189 4499 servata
209 4437 266 4498 sibi
286 4437 470 4514 antiquitatis
491 4436 586 4497 forma
607 4439 636 4496 et
656 4436 760 4516 specle.
