3120 5136
537 373 651 428 GUIDO
670 373 832 429 ARETINO
1221 376 1276 428 lle

96 518 138 580 fit
161 519 224 581 nisi
252 540 312 603 per
345 517 599 582 diatessaron&
623 517 788 605 diapente.
813 518 965 603 Intellige
995 527 1165 604 praetcrea,
1190 519 1278 604 quod

89 625 134 687 in
159 623 326 689 authentis
345 624 388 688 ad
412 634 546 689 octavas
569 634 686 688 cantus
701 647 722 689 a
741 647 799 688 sua
818 624 910 688 finali
931 647 1011 690 voce
1034 625 1201 708 ascendit3
1222 625 1277 690 de-

88 731 228 796 scendit
251 739 361 795 autem
385 733 516 796 nonnisi
540 753 605 795 uno
628 741 705 796 tono
736 730 797 794 sub
821 731 921 813 finali,
946 742 1084 818 excepto
1108 735 1197 815 trito,
1222 733 1277 818 qui

88 866 119 906 a
142 864 200 905 suo
224 840 289 905 fine
313 863 378 905 non
403 840 589 927 deponitur,
615 842 693 926 quia
716 861 781 903 non
804 838 905 904 habet
928 839 988 903 sub
1012 863 1046 904 se
1069 850 1193 923 tonum,
1219 841 1277 905 sed

91 948 320 1013 semitonium.
336 948 377 1011 In
395 945 503 1033 plagis
522 956 633 1011 autem
652 969 673 1009 a
691 946 781 1010 finali
805 969 886 1010 voce
905 946 949 1010 ad
967 948 1117 1033 quintam
1141 947 1276 1011 descen-

92 1056 259 1120 dimus&
286 1054 505 1138 ascendimus,
530 1056 592 1119 nisi
624 1056 668 1117 sit
692 1054 850 1139 prolixior
874 1065 1001 1142 cantus,
1026 1057 1083 1140 qui
1112 1054 1277 1140 plagalem

91 1162 338 1246 depositionem
362 1161 389 1224 dr
414 1159 639 1225 authenticam
660 1160 877 1225 elevationem
901 1160 1031 1243 habeat,
1055 1161 1142 1247 quod
1167 1169 1277 1225 tamen

93 1268 268 1331 rarissime
291 1267 340 1331 fit.
404 1326 406 1329 .

145 1375 318 1461 Principia
341 1396 468 1460 quoque
484 1385 642 1440 cantuum
660 1376 695 1438 in
712 1373 863 1439 omnibus
880 1375 942 1439 illis
958 1374 1095 1439 vocibus
1118 1398 1188 1440 esse
1205 1397 1277 1461 pos-

92 1491 186 1564 sunt,
203 1504 275 1567 quae
291 1481 470 1545 secundum
484 1480 659 1566 praedictas
675 1504 734 1544 sex
751 1483 981 1545 consonantias
998 1504 1074 1545 cum
1088 1481 1180 1544 finali
1198 1504 1276 1546 voce

95 1590 311 1652 conveniunt.
334 1586 439 1672 Siqua
462 1587 559 1650 aliter
582 1591 759 1670 inveneris,
779 1610 822 1651 ex
840 1589 912 1673 ipsa
930 1589 1067 1652 raritate
1091 1611 1275 1673 cognosces,

94 1695 186 1780 quod
206 1697 273 1758 sint
292 1696 488 1758 auctoritate
504 1706 718 1781 praesumpta3
738 1718 800 1760 non
817 1705 927 1759 autem
942 1705 1018 1759 sunt
1036 1695 1158 1781 regulae
1174 1695 1277 1759 firmi-

95 1812 168 1866 tate
188 1801 357 1865 distincta.
374 1801 461 1866 lllud
481 1809 591 1865 autem
611 1803 685 1886 quis
705 1824 769 1866 non
789 1801 964 1886 intelligat,
982 1801 1070 1888 quod
1087 1801 1126 1865 de
1143 1800 1278 1866 vocibus

14 1960 18 1966 .
97 1909 193 1994 quasi
213 1906 348 1992 syllabae
373 1908 400 1970 dr
423 1917 533 1993 partes
557 1908 585 1970 dr
609 1907 835 1972 distinctiones
859 1907 912 1972 vel
935 1931 1050 1972 versus
1074 1908 1186 1972 fiunt?
1206 1930 1277 1993 quae

96 2025 209 2087 omnia
224 2025 311 2086 inter
326 2045 360 2086 se
377 2025 518 2087 invicem
537 2025 620 2086 mira
634 2025 803 2087 suavitate
820 2022 1030 2105 concordant,
1049 2032 1178 2087 tantum
1193 2046 1278 2108 saepe

97 2128 339 2210 concordiores,
363 2138 523 2214 quantum
548 2129 732 2193 similiores

145 2235 225 2299 Haec
249 2258 355 2320 panca
379 2237 473 2320 quasi
493 2238 528 2299 in
547 2237 717 2320 prologum
742 2234 968 2320 antiphonarii
992 2234 1032 2298 de
1055 2235 1226 2299 modorum
1250 2235 1277 2297 ἃ

96 2364 295 2405 neumarum
323 2342 462 2406 formula
485 2341 671 2428 rhythmice
695 2342 723 2404 dr
745 2343 893 2426 prosaice
916 2341 1017 2423 dicta,
1036 2342 1171 2405 Musicae
1196 2342 1276 2404 artis

98 2452 221 2513 ostium
244 2448 390 2513 breviter
413 2450 595 2514 forsitan&
615 2450 801 2514 sufficenter
820 2450 983 2534 aperiunt.
998 2448 1069 2528 'Qui
1093 2458 1204 2512 autem
1222 2471 1279 2512 cu·

102 2559 207 2620 riosus
223 2556 333 2638 fuerit,
353 2556 502 2620 libellum
519 2566 676 2639 nostrum,
694 2558 747 2621 cui
768 2579 886 2621 nomen
899 2556 1099 2641 Micrologus
1118 2565 1176 2638 est,
1193 2579 1278 2641 quae·

101 2674 166 2747 rat3
191 2663 314 2728 librum
338 2686 467 2750 quoque
486 2663 716 2746 Euchiridion,
740 2685 838 2748 quem
862 2663 1158 2728 Reverentissimus
1183 2662 1278 2728 Oddo

104 2770 218 2836 Abbas
240 2769 500 2834 luculentissime
520 2771 711 2855 composuit,
733 2769 891 2854 perlegat,
912 2756 1005 2832 cuius
1032 2769 1221 2855 exemplum
1245 2771 1279 2833 in

101 2878 179 2942 solis
203 2877 320 2961 figuris
343 2899 496 2942 sonorum
521 2876 642 2957 dimisi,
666 2877 746 2961 quia
769 2877 918 2962 parvulis
941 2875 1169 2958 condescendi,
1197 2877 1280 2940 Boe-

105 2985 185 3049 tium
209 2985 245 3047 in
267 2982 329 3048 hoc
348 3006 413 3047 non
429 3005 578 3069 sequens,
599 2985 690 3047 cuius
715 2982 800 3047 liber
819 3005 884 3048 non
904 2983 1104 3066 cantoribus,
1125 2982 1182 3048 sed
1203 2982 1279 3047 solis

106 3089 302 3176 philosophis
325 3090 416 3154 utilis
440 3099 498 3153 est.

537 3215 685 3300 Eoeplicit
708 3215 852 3300 epistola.
