3030 5138
493 423 603 480 GUIDO
623 423 784 480 ARETINO
1173 421 1224 474 381

62 575 133 638 sitas
149 583 320 657 troporum
338 570 526 635 diversitati
545 573 703 635 mentium
722 580 906 657 coaptatur,
921 578 957 634 ut
974 590 1059 632 unus
1078 567 1229 636 authenti

61 681 181 745 deuteri
205 679 322 743 fractis
344 678 483 743 saltibus
506 676 705 761 delectetur3
729 677 812 742 alius
836 677 940 764 plagae
963 676 1034 740 triti
1051 673 1152 760 eligat
1172 696 1227 738 vc·

60 788 230 873 luptatem3
254 788 312 849 uni
336 784 514 870 garrulitas
544 786 684 850 tetrardi
708 786 834 849 autenti
857 785 963 867 magis
985 782 1114 869 placet,
1145 780 1229 845 alter

60 893 201 957 eiusdem
224 892 330 978 plagae
345 893 544 955 suavitatem
566 890 704 977 probat,
729 893 776 955 sic
800 903 823 959 b
846 890 886 954 de
909 890 1056 976 reliquis.

98 1001 169 1064 Nec
192 1001 329 1079 mirum,
346 999 374 1061 si
398 999 559 1063 varietate
590 1020 746 1063 sonorum
776 996 961 1085 delectatur
988 995 1129 1079 auditus,
1155 1018 1228 1061 cum

59 1111 217 1173 varietate
241 1105 385 1170 colorum
410 1105 595 1190 gratuletur
615 1107 716 1187 visua,
737 1106 900 1169 varietate
918 1103 1055 1168 odorum
1079 1103 1229 1168 foveatur

60 1214 204 1295 olfactus,
224 1213 424 1296 mutatisque
439 1211 612 1297 saporibus
629 1212 744 1295 lingua
758 1209 976 1296 congaudeat.
993 1210 1048 1274 Sic
1064 1209 1152 1274 enim
1170 1232 1229 1295 per

60 1323 234 1387 fenestram
262 1321 407 1404 corporis
430 1318 678 1383 delectabilium
701 1341 810 1382 rerum
834 1320 980 1383 suavitas
1004 1319 1108 1383 intrat
1129 1320 1229 1382 mira·

61 1428 170 1492 biliter
192 1426 376 1512 penetralia
399 1425 517 1490 cordis.
542 1425 625 1489 Inde
649 1424 807 1511 estquod
831 1426 916 1489 sicut
944 1424 1152 1511 quibusdam,
1177 1447 1230 1489 co-

60 1533 178 1599 loribus
194 1542 227 1597 et
245 1531 409 1614 odoribus,
426 1533 479 1595 vel
499 1532 598 1595 etiam
621 1531 767 1595 colorum
789 1532 911 1596 intuitu
931 1531 1018 1597 salus
1037 1540 1104 1595 tam
1123 1531 1230 1595 cordis

61 1664 155 1727 quam
179 1641 324 1725 corporis
348 1640 401 1703 vel
424 1640 584 1703 minuitur
607 1638 661 1702 vel
684 1648 836 1723 augetur.
859 1639 913 1702 Ita
936 1638 1111 1724 quondam,
1131 1647 1168 1702 ut
1185 1639 1229 1703 le-

62 1751 157 1834 gitur,
181 1747 315 1832 quidam
338 1746 549 1831 phreneticus
580 1754 718 1809 canente
741 1744 937 1830 Asclepiade
964 1744 1092 1810 medico
1115 1744 1157 1810 ab
1180 1747 1231 1810 in·

62 1856 152 1920 sauia
175 1861 357 1917 revocatus.
382 1853 426 1916 Et
449 1852 528 1915 item
560 1852 643 1915 alius
675 1850 810 1937 qnidam
840 1851 975 1915 citharae
1007 1853 1172 1916 suavitate
1195 1856 1231 1916 in

62 1970 184 2025 tantam
208 1958 381 2023 libidinem
405 1959 572 2040 incitatus,
596 1967 632 2022 ut
655 1957 843 2022 cubiculum
867 1957 984 2043 puellae
1003 1968 1165 2044 quaereret
1183 1958 1230 2022 ef·

62 2069 204 2152 fringere
229 2065 450 2130 dementatus:
475 2087 617 2150 moxque
640 2063 816 2129 citharaedo
844 2073 993 2129 mutante
1017 2065 1149 2129 modum
1172 2087 1230 2130 vo·

62 2174 194 2260 luptatis
211 2174 407 2260 poenitentia
427 2172 561 2236 ductum
580 2174 751 2236 recessisse
778 2171 958 2235 confusum.
974 2171 1058 2235 Item
1077 2187 1100 2242 a
1119 2172 1231 2236 David

61 2280 136 2346 Saul
154 2280 349 2344 daemonium
360 2278 489 2342 cithara
502 2276 711 2363 mitigabat&
727 2278 940 2372 daemonicam
950 2276 1114 2342 feritatem
1123 2278 1228 2342 ‘huius

62 2391 140 2453 artis
163 2389 288 2474 potenti
311 2388 346 2451 vi
370 2409 408 2450 ac
432 2387 596 2449 suavitate
619 2383 804 2470 frangebat.
824 2383 904 2463 Quae
922 2393 1032 2449 tamen
1051 2386 1102 2448 vis
1127 2384 1231 2449 solum

63 2495 182 2560 divinae
202 2494 371 2580 sapientiae
391 2491 434 2556 ad
452 2492 585 2577 plenum
603 2500 705 2577 patet.
721 2491 789 2555 Nos
809 2512 888 2556 vero
909 2514 980 2576 quae
1000 2493 1034 2554 in
1057 2495 1232 2577 aenigmate

62 2600 103 2666 ab
126 2600 205 2665 inde
228 2601 443 2685 percepimus,
467 2600 502 2662 in
526 2599 650 2662 divinis
672 2596 826 2662 laudibus
849 2595 999 2662 utamur(
1012 2598 1076 2662 Sed
1096 2599 1175 2684 quia
1191 2598 1232 2661 de

61 2707 156 2772 huius
180 2708 262 2771 artis
286 2707 410 2771 virtute
432 2707 492 2768 vix
515 2728 622 2792 pauca
645 2703 976 2792 libavimusffiquibus
990 2703 1043 2769 'ad
1066 2704 1149 2770 bene
1165 2726 1232 2770 mo-

63 2814 243 2880 dulandum
266 2813 365 2879 rebus
389 2835 469 2898 opus
492 2815 546 2896 sit,
570 2813 753 2877 videamus.

465 3150 467 3154 ’
530 3147 680 3213 CAPUT
704 3135 770 3213 XV

283 3365 327 3407 DE
349 3362 508 3423 COMMQDA
533 3363 753 3410 OOMPONENDA
776 3355 1017 3410 monendomum

104 3558 213 3641 Igitur
232 3555 508 3642 quemadmodum
524 3555 558 3618 in
579 3556 691 3619 metris
711 3564 786 3619 sunt
800 3555 917 3619 litterae
941 3555 1127 3641 disyllaba,
1157 3537 1232 3641 par-

62 3673 122 3746 tes,
152 3663 306 3748 &pedes
336 3683 376 3725 ac
405 3682 538 3744 versus3
571 3662 616 3723 ita
645 3661 722 3723 &in
752 3661 924 3725 harmonia
957 3670 1033 3725 sunt
1062 3661 1233 3747 phthongi,

62 3770 97 3834 id
120 3778 180 3849 est,
205 3769 285 3850 soni,
307 3787 446 3852 quorum
468 3778 564 3848 unua,
588 3766 661 3848 duo,
683 3766 734 3830 vel
758 3777 823 3831 tres
847 3776 1003 3854 aptantur
1022 3770 1057 3833 in
1075 3768 1231 3854 syllabas,

61 3879 205 3962 ipsaeque
233 3875 307 3939 solae
336 3864 607 3963 velflduplicatae3
632 3875 855 3952 Neumura,·id
879 3884 938 3958 est,
964 3886 1091 3961 partem
1115 3880 1232 3944 consti-

61 3992 159 4048 tuunt
189 3981 378 4064 cantilenae,
398 3967 466 4045 'sed
494 4004 571 4067 pars
604 4004 669 4045 una
694 3983 745 4045 vel
772 3983 881 4067 plures
915 3982 1161 4048 distinctionem
1184 3984 1233 4050 fa-

61 4091 162 4172 ciunt,
187 4087 221 4152 id
245 4098 304 4171 est,
328 4110 508 4172 congruum
538 4089 764 4174 respirationis
787 4088 904 4154 locum.
928 4090 980 4153 De
1011 4090 1128 4175 quibus
1152 4091 1234 4155 illud

63 4206 111 4261 est
135 4194 325 4279 notandum,
349 4196 436 4282 quod
460 4205 528 4260 tota
550 4218 627 4282 pars
659 4218 842 4282 compresse
866 4202 888 4258 dr
911 4198 1055 4262 notanda
1084 4201 1232 4284 &expri-

63 4301 183 4367 menda
205 4310 263 4384 est,
288 4302 417 4388 syllaba
441 4324 518 4367 vero
542 4305 766 4389 compressius,
792 4312 883 4368 tenor
907 4324 995 4388 vero,
1014 4303 1049 4368 id
1068 4315 1126 4389 est,
1142 4328 1233 4370 mora

63 4409 187 4474 ultimae
210 4411 311 4495 vocis,
336 4412 392 4496 qui
417 4413 451 4476 in
476 4411 604 4496 syllaba
627 4412 944 4498 quantuluscumque
974 4423 1023 4478 est
1046 4414 1183 4499 amplior
1199 4415 1233 4478 in
