3120 5144
759 415 871 470 GUIDO
893 417 1051 473 ARETINO

787 757 816 796 ΙΝ
838 757 1020 798 lNTltOITlBUS

895 921 909 979 I

523 1292 524 1297 κ
558 1256 658 1316 Gloria
828 1261 992 1318 seculorum
1254 1281 1351 1320 amen.

311 1409 412 1470 Omnis
435 1415 520 1470 terra.
921 1413 1005 1472 Salus
1025 1415 1133 1490 popoli.

310 1510 406 1570 intret
428 1510 458 1568 in
479 1513 642 1587 conspectu,
919 1511 1071 1572 Protector
1091 1518 1201 1574 noster.

352 1647 495 1705 Prediotis
515 1646 687 1706 introitibus
701 1645 830 1705 formula
843 1645 881 1704 sit
895 1647 1078 1722 suppositivo
1099 1646 1253 1708 semitonio
1283 1656 1313 1709 et
1342 1651 1491 1726 paululum

314 1746 522 1821 promittantur
542 1747 585 1804 ita
606 1749 641 1805 ut
662 1747 701 1804 sit
721 1747 888 1822 appositiva
902 1747 982 1805 utin
997 1748 1138 1823 appositis
1152 1748 1335 1808 introitibus,

313 1905 396 1966 Siout
416 1908 494 1966 oculi
515 1928 675 1968 servorum.
925 1909 1037 1968 Eduxit
1059 1928 1106 1969 eos
1126 1911 1279 1970 Dominus.

313 2007 391 2064 Deus
412 2007 442 2065 in
464 2005 579 2066 nomine
599 2012 661 2069 tuo.
927 2007 1085 2068 Exaudivit
1105 2009 1192 2068 Deua.

317 2105 424 2165 Judiea
444 2126 490 2164 me
510 2107 597 2166 Deus.

352 2257 547 2333 Subsequitur
567 2277 640 2317 unus
660 2259 800 2319 introitus
828 2259 878 2334 qui
901 2261 1003 2319 vitioso
1030 2260 1185 2319 inchoatur
1213 2260 1256 2319 ita
1277 2264 1312 2318 ut
1333 2262 1430 2338 magis
1449 2283 1493 2337 ap·

312 2361 414 2433 pareat
434 2357 549 2416 autenti
569 2377 628 2417 esse
650 2357 764 2417 deuteri
787 2361 838 2416 aut
859 2358 945 2435 plage
965 2358 1097 2429 tetrardi,
1120 2357 1150 2416 id
1171 2361 1215 2416 est
1230 2360 1364 2432 Accepite
1380 2361 1491 2434 jucun-

312 2457 462 2526 ditatem,·
482 2456 670 2515 inchoabitur
691 2474 761 2532 ergo
781 2456 822 2514 sio
843 2456 958 2515 melius.

440 2779 587 2856 'Accipite
949 2779 1177 2854 jucunditatem.

500 3388 600 3447 Gloria
776 3420 777 3424 =
790 3388 954 3446 soculorum

658 3533 752 3607 Prope
775 3533 836 3590 esto
857 3530 989 3590 Domine.

658 3631 700 3689 De
723 3630 946 3690 necesitatibus
969 3628 1049 3686 meis.

657 3729 762 3789 Judioa
782 3729 907 3787 Domina
929 3729 1073 3786 nocentes.

357 3886 454 3961 Hujus
472 3884 536 3943 finis
550 3883 656 3944 vitiose
670 3883 786 3943 canitur
800 3882 829 3940 in
844 3880 977 3957 septimo,
999 3878 1048 3938 sed
1069 3878 1108 3936 sie
1130 3878 1235 3937 melius
1255 3878 1287 3936 in
1309 3883 1416 3954 quarto
1436 3896 1494 3954 pro·

317 3986 479 4044 nuntiatur.

358 4440 438 4499 Idem
460 4439 491 4500 in
511 4439 649 4498 introitu:
672 4439 732 4496 Nos
754 4447 856 4495 autem
877 4437 1013 4510 ytoriari
1034 4439 1169 4508 opportet
1190 4431 1261 4490 satis
1283 4433 1384 4506 patet:
