3120 5144
304 360 356 413 430
750 358 864 414 GUIDO
883 357 1044 413 ARETINO

305 527 369 589 qua
388 525 516 590 semper
535 503 749 569 similitudine
765 525 839 569 cum
855 505 1023 568 extraneis
1039 504 1273 587 admiscentur,
1291 505 1326 568 id
1341 513 1394 569 est
1409 527 1482 569 cum

306 611 353 674 eis
373 633 445 696 quaa
465 610 601 674 alterius
621 609 708 675 modi
728 618 804 674 sunt
822 618 935 696 utpote
958 611 994 675 D
1017 620 1050 674 et
1069 608 1101 673 A
1118 634 1191 696 quae
1210 611 1326 676 affines
1342 621 1431 693 sunt,
1449 611 1482 675 id

306 726 355 781 est
370 719 467 783 unius
491 716 590 800 modi,
614 739 679 781 non
703 726 780 782 sunt
799 718 846 800 (1)
862 739 921 802 pro
934 724 1038 782 totum
1058 717 1191 802 similes,
1212 717 1270 783 sed
1288 717 1482 804 singillatim

304 826 454 911 proprias
477 825 621 890 retinent
644 824 842 911 qualitates3
867 824 901 888 id
921 833 971 888 est
989 824 1066 890 dum
1082 828 1118 890 D
1136 826 1311 912 deponitur
1326 835 1416 909 tono,
1436 847 1481 890 se-

305 932 438 997 mitonio
463 942 496 996 et
520 933 649 1013 iterum,
673 931 823 997 elevatur
846 940 932 1012 tono,
958 932 1139 1015 semitonio,
1175 934 1296 997 tritono
1324 942 1359 996 et
1390 933 1480 996 semi·

228 1126 231 1131 ι
304 1038 417 1102 ditono
441 1061 545 1124 usque
568 1038 611 1102 ad
631 1037 724 1102 aliud
746 1038 768 1101 d
786 1046 931 1101 acutum.
956 1038 1106 1124 Itemque
1123 1037 1155 1100 A
1172 1039 1285 1103 ditono
1305 1039 1480 1129 deponitur

304 1153 337 1208 et
360 1145 563 1227 semiditono,
588 1144 738 1209 elevatur
762 1154 872 1209 autem
896 1167 954 1230 per
976 1153 1098 1228 tonum,
1120 1147 1329 1209 semitonium
1346 1154 1380 1209 et
1399 1146 1478 1209 dito·

304 1273 383 1314 num
405 1260 437 1314 et
461 1252 564 1315 alium
587 1253 797 1316 semitonium
821 1260 853 1314 et
877 1251 1028 1315 ditonum
1051 1273 1155 1337 usque
1178 1252 1221 1316 ad
1245 1253 1336 1317 aliud
1361 1276 1383 1316 a
1406 1273 1478 1315 acu·

304 1366 385 1423 tum.
402 1357 468 1422 Sed
484 1360 563 1423 satis
578 1382 666 1423 nunc
681 1369 844 1424 ostensam
861 1382 931 1424 esse
948 1359 1251 1424 dissimilitudinem
1268 1361 1358 1423 inter
1370 1360 1477 1424 affines

304 1487 400 1529 voces
412 1464 569 1547 arbitror3
582 1488 670 1530 nunc
682 1475 715 1529 et
726 1465 884 1529 similium
896 1488 1014 1530 vocum
1027 1467 1205 1531 edisseram
1217 1466 1475 1530 similitudinem.

304 1571 387 1637 Oum
412 1574 499 1636 enim
522 1575 557 1637 D
580 1574 623 1637 sit
646 1583 770 1659 protus,
796 1582 827 1637 et
857 1570 888 1635 G
911 1569 1093 1657 tetrardus,
1112 1583 1252 1660 utraque
1277 1583 1389 1638 tamen
1406 1582 1475 1638 tono

304 1688 336 1742 et
355 1680 526 1743 semitonio
550 1689 582 1744 et
606 1680 719 1744 ditono
753 1680 963 1766 deponuntur
992 1689 1025 1744 et
1052 1703 1091 1743 ea
1121 1679 1319 1765 symphonia
1351 1683 1474 1767 quaeD

303 1788 501 1868 continetur,
526 1789 552 1851 si
577 1789 620 1851 sit
644 1786 829 1873 depositiva
853 1787 1090 1870 tantummodo,
1116 1796 1148 1850 et
1185 1785 1216 1850 G·
1245 1772 1323 1851 cani
1354 1797 1471 1873 potest:

302 1894 390 1980 quod
414 1895 560 1981 exemplo
584 1904 676 1981 patet
700 1897 735 1960 in
760 1895 962 1982 antiphona:

392 2230 534 2317 Spiritus
644 2233 729 2297 alme
888 2232 1069 2297 illustrator
1204 2235 1353 2296 omnium
1367 2234 1424 2315 (2).

872 2497 904 2559 V

325 2677 369 2720 DE
392 2677 556 2722 MODORUM
575 2677 730 2730 QUATUOR
754 2677 943 2723 annuamus
967 2676 1150 2729 EORUMQUE
1173 2676 1449 2723 ΡΑΒΤΙΟΙΡΑΤΙΟΝΕ

552 2785 620 2829 CUM
643 2785 907 2830 DIFFERENTIBUS
930 2784 1223 2831 DISTINGTIONIBUS

347 2958 431 3023 Sunt
454 2969 564 3023 autem
587 2960 675 3024 modi
701 2982 818 3025 vocum
842 2970 993 3046 quatuor,
1018 2960 1134 3043 idest,
1159 2970 1286 3046 protus,
1312 2963 1467 3044 deuterus,

302 3067 410 3147 tritus,
436 3066 624 3148 tetrardus3
649 3069 705 3152 qui
730 3075 763 3131 et
786 3067 923 3131 totidem
947 3066 1136 3152 subjugales
1160 3067 1293 3133 habent.
1320 3070 1365 3134 Et
1388 3072 1467 3157 prin·

300 3171 424 3258 cipales
442 3171 576 3257 quidem
595 3173 769 3238 authentos
789 3174 940 3258 dicimus,
957 3174 1147 3261 subjugales
1160 3184 1271 3240 autem
1287 3175 1404 3263 plagas
1418 3198 1469 3240 no·

300 3281 473 3343 minamus.
497 3279 621 3343 Eorum
652 3278 843 3344 differentia
873 3280 950 3345 talis
982 3290 1051 3345 est:
1085 3303 1160 3345 cum
1189 3282 1331 3366 quilibet
1360 3292 1469 3347 cautus

301 3394 372 3450 octo
396 3385 533 3463 vocibus
557 3387 726 3470 escendat,
757 3387 935 3451 descendat
968 3411 1046 3452 vero
1074 3390 1230 3474 quinque,
1260 3392 1362 3475 atquc
1391 3392 1470 3454 inter·

301 3514 412 3556 omnes
427 3493 493 3556 sint
513 3491 695 3574 duodecim,
713 3516 780 3557 una
796 3516 839 3558 ex
853 3493 904 3557 his
919 3493 971 3558 bis
988 3504 1215 3578 annumerata,
1227 3518 1348 3579 graves
1366 3519 1470 3560 omncs

300 3620 376 3662 cum
388 3599 560 3684 aliquanta
572 3608 666 3685 parte
677 3608 849 3664 acutarum
860 3601 966 3686 plagis
977 3601 1215 3666 attribuuntur.
1224 3603 1327 3667 Porro
1340 3602 1471 3668 authen·

299 3706 342 3768 tis
362 3715 488 3770 cunctae
501 3715 607 3770 acutae
619 3729 695 3770 eum
707 3706 889 3792 aliquantis
901 3709 1054 3793 gravium
1065 3706 1275 3774 conveniunt.
1289 3709 1471 3795 Notatoque

300 3811 387 3896 quod
411 3813 477 3875 sint
501 3821 567 3876 tres
590 3835 709 3876 vocum
734 3813 875 3898 ordines,
900 3813 935 3877 id
959 3824 1008 3878 est
1030 3837 1160 3900 graves,
1177 3814 1293 3879 mediae
1313 3824 1347 3879 et
1366 3825 1470 3896 aeute3

299 3939 341 3981 ex
366 3918 483 4003 quibus
507 3918 623 3982 mediae
645 3941 774 4004 semper
794 3919 1016 3985 annectuntur
1040 3923 1210 4007 utrisque3
1234 3932 1342 3986 acutae
1367 3932 1471 3987 autem

335 4179 376 4248 (l)
396 4177 479 4232 Gerb.
498 4180 536 4234 ha
550 4185 633 4250 proto
653 4186 721 4236 tum.

335 4265 533 4367 q2)'(lerbcrt0
552 4275 621 4325 nota
638 4275 741 4342 questa
760 4269 892 4326 antifona
911 4289 964 4328 con
983 4272 1008 4328 le
1027 4273 1143 4342 lettere,
1156 4272 1221 4328 anzi
1233 4274 1321 4330 hala
1336 4276 1398 4339 sola
1413 4274 1469 4334 cin

300 4373 447 4425 priucrpro.
