3030 5138
489 380 600 436 GUIDO
620 380 779 437 suarum
1171 383 1223 436 373

60 528 211 614 diapason
236 527 327 591 latus²
342 528 390 591 ita
414 531 576 609 convenit,
601 537 637 590 ut
661 528 714 592 cui
739 527 855 592 litterae
879 551 899 591 a
922 526 1079 612 gravibus
1102 527 1224 592 diates-

59 623 147 699 saron
171 635 292 717 reddit,
316 633 422 698 eidem
445 636 481 697 in
504 636 610 698 acutis
643 657 702 720 per
734 634 888 720 diapente
918 636 1104 718 conveniat,
1128 644 1165 699 ut
1189 635 1224 698 in

56 742 212 826 superiori
234 741 342 823 figura
366 749 508 822 notatur,
533 739 561 803 ts
585 741 637 804 cui
662 763 681 804 a
704 740 869 824 gravibus·
890 741 1044 826 diapente
1067 739 1217 820 contulit,

57 849 159 913 eidem
176 870 197 911 a
212 847 433 933 superioribus
457 832 659 912 diatessaron
684 846 788 930 dabit,
812 856 848 910 ut
864 845 895 909 A
914 848 947 910 Ε
956 845 1022 910 uA
1040 848 1128 911 enim
1146 847 1174 911 ds
1192 848 1226 910 Ε

58 957 88 1018 in
110 955 312 1039 depositione
335 955 544 1035 concordant,
568 976 641 1039 quae
665 963 804 1039 utraque
837 936 962 1018 duobus
986 954 1070 1016 tonis
1094 955 1225 1017 semito-

57 1063 171 1147 nioque
194 1060 374 1125 conficitur.
398 1061 547 1145 Itemque
573 1059 603 1125 G
626 1060 761 1125 eumad
780 1057 850 1123 C&
868 1062 903 1124 D
923 1081 980 1144 per
997 1060 1128 1124 easdem
1152 1081 1225 1145 spe-

57 1169 118 1231 cies
129 1177 269 1248 resonet,
280 1167 378 1230 unius
390 1165 623 1251 depositionem
637 1152 835 1252 alteriusque
850 1167 1063 1231 elevationem
1076 1169 1225 1252 sumpsit.

57 1273 138 1337 Nam
154 1273 182 1336 du
205 1269 233 1335 C
249 1272 277 1335 dr
298 1270 329 1336 G
348 1270 474 1337 duobus
493 1273 578 1336 tonis
597 1272 720 1357 pariter
739 1272 767 1335 d
785 1273 957 1344 semitonio
977 1283 1125 1356 surgunt,
1145 1273 1173 1336 dr
1191 1273 1225 1336 D

58 1380 82 1442 dr
107 1378 137 1444 G
161 1389 237 1443 tono
261 1379 482 1443 &semitonio
506 1381 629 1463 pariter
646 1378 867 1460 inflectuntur,
893 1379 910 1441 b
933 1401 1012 1442 vero
1037 1379 1223 1460 rotundum,

57 1488 129 1571 quia
138 1489 248 1550 minus
260 1494 309 1549 est
322 1484 482 1570 regulare,
496 1484 583 1571 quod
595 1486 787 1550 adiunctum
799 1485 852 1549 vel
864 1484 960 1550 molle
973 1486 1097 1568 dicunt,
1108 1509 1183 1549 cum
1194 1487 1228 1549 F

57 1592 154 1657 habet
178 1591 395 1673 concordiam,
421 1591 449 1655 ds
472 1591 544 1655 ideo
564 1592 713 1656 additum
737 1601 795 1675 est,
820 1594 898 1677 quia
921 1594 1050 1665 Fcum
1069 1602 1187 1679 quarta
1205 1615 1225 1656 a

58 1721 88 1763 sa
109 1700 121 1782 i
144 1700 265 1762 tritono
290 1697 460 1763 differente
483 1698 642 1784 nequibat
661 1699 782 1764 habere
801 1699 1027 1763 concordiam:
1052 1708 1225 1785 utramque

59 1815 165 1869 autem
185 1805 202 1867 b
223 1805 235 1888 t
259 1806 293 1868 in
317 1805 432 1869 eadem
455 1828 573 1869 neuma
597 1827 662 1869 non
680 1807 808 1891 iungas.
828 1805 868 1868 In
888 1806 1001 1870 eodem
1025 1828 1103 1870 veru
1126 1815 1227 1870 cantu

58 1914 197 1977 maxime
217 1912 234 1974 b
253 1910 342 1975 molli
367 1913 501 1994 utimur,
519 1914 553 1974 in
571 1934 635 1997 quo
658 1914 691 1976 F
706 1912 734 1998 f
750 1912 891 1999 amplius
915 1914 1127 1977 continuatur
1150 1935 1226 1997 gra·
1306 1976 1307 1979 ,

58 2020 105 2083 vis
122 2019 173 2082 vel
194 2027 302 2100 acuta,
322 2016 422 2081 ubi&
442 2000 619 2104 quamdam
643 2017 865 2082 confusionem
882 2019 910 2082 dr
925 2018 1226 2083 trasformationem

59 2124 188 2189 videtur
216 2125 335 2208 facere,
358 2132 395 2188 ut
420 2124 449 2189 G
473 2132 565 2190 sonet
579 2132 736 2210 protum,
760 2147 781 2187 α
805 2123 987 2206 deuterum,
1012 2126 1182 2210 cumipse
1206 2125 1223 2187 b

58 2231 160 2294 mollis
183 2238 276 2294 sonet
298 2231 430 2312 tritum3
455 2230 541 2294 unde
565 2231 633 2294 eius
653 2252 672 2294 a
691 2230 801 2293 multis
823 2253 884 2294 nec
907 2232 1029 2295 mentio
1053 2231 1142 2294 facta
1165 2239 1225 2294 est.

57 2336 205 2401 Alterum
228 2359 305 2401 vero
329 2338 341 2420 l
363 2339 397 2400 in
421 2358 593 2401 commune
629 2337 753 2424 placuit
786 2336 918 2401 habere.
943 2338 1038 2417 Quod
1062 2338 1090 2401 si
1119 2338 1225 2422 ipsam

58 2445 74 2507 b
95 2445 226 2510 mollem
244 2447 295 2509 vis
318 2446 447 2509 omnino
471 2467 536 2508 non
559 2442 689 2526 habere,
714 2467 859 2531 neumas,
883 2446 918 2509 in
936 2444 1057 2530 quibus
1074 2447 1145 2530 ipsa
1164 2453 1231 2538 est,

58 2556 103 2616 ita
126 2520 285 2638 tcndpera,
308 2561 345 2616 ut
367 2574 426 2638 pro
450 2554 483 2615 F
507 2552 537 2616 G
560 2575 581 2615 u
604 2552 631 2615 dr
654 2553 726 2636 ipsa
750 2552 767 2614 b
792 2549 914 2614 habeas
940 2550 970 2615 G
992 2574 1013 2614 α
1036 2551 1048 2634 t
1071 2574 1098 2629 c,
1119 2560 1177 2615 aut
1200 2551 1227 2613 si

57 2658 200 2745 talisest
216 2680 346 2746 neuma,
367 2681 438 2743 quae
455 2669 527 2744 post
543 2659 578 2721 D
596 2658 630 2721 Ε
644 2659 678 2721 Ε
694 2659 728 2721 in
747 2656 931 2721 elevatione
950 2656 1023 2720 vult
1039 2656 1119 2720 duos
1135 2666 1227 2721 tonos

56 2766 82 2829 du
102 2766 319 2846 semitonium,
344 2765 431 2850 quod
455 2767 526 2850 ipsa
543 2765 559 2828 b
579 2763 683 2828 mollis
706 2763 797 2846 facit,
823 2772 879 2827 aut
903 2785 974 2848 quaa
998 2772 1077 2848 post·
1094 2765 1129 2827 D
1145 2763 1178 2826 Ε
1195 2764 1229 2825 F

55 2873 90 2935 in
114 2871 315 2956 depositione
338 2871 412 2935 vult
436 2871 516 2935 duos
539 2879 634 2935 tonos
644 2893 652 2953 3
662 2893 731 2956 ¹pro
750 2871 784 2933 D
800 2871 834 2933 Ε
847 2871 879 2933 F
896 2891 1024 2933 assume
1040 2893 1062 2933 a
1079 2869 1091 2952 t
1110 2893 1137 2947 c,
1154 2890 1226 2954 quae

56 2977 203 3042 eiusdem
226 2986 302 3042 sunt
324 2977 421 3059 modi,
438 2977 466 3040 d
484 2977 659 3063 praedictas
678 2975 878 3041 elevationes
895 2975 1157 3061 &depositiones
1174 2997 1226 3038 re·
1344 3016 1348 3022 -

54 3084 215 3168 gulariter
238 3082 371 3148 habent.
394 3082 591 3148 Huiusmodi
615 3083 701 3147 enim
736 3084 933 3148 elevationes
957 3082 1226 3169 &depositiones

54 3191 141 3254 inter
164 3190 199 3252 D
213 3189 243 3251 Ε
254 3191 294 3272 F,
315 3189 342 3254 ds
361 3213 381 3253 u
395 3190 407 3272 l
426 3190 541 3254 celare
553 3189 741 3258 discernens
756 3189 981 3255 confusionem
997 3192 1141 3255 maxime
1153 3212 1226 3254 con-

56 3298 194 3360 trariam
218 3295 313 3359 tollit.

98 3404 151 3466 Da
174 3392 390 3466 similitudine
414 3424 531 3466 vocum
555 3424 659 3487 pauca
684 3404 948 3488 perstrinximus,
969 3403 1226 3488 quiaquantum

55 3507 233 3574 similitudo
251 3509 286 3572 in
299 3507 437 3573 diversis
454 3507 551 3572 rebus
571 3511 784 3594 conquiritur,
802 3517 931 3573 tantum
949 3510 1020 3594 ipsa
1040 3507 1226 3588 diversitas,

55 3635 231 3701 perquam
242 3636 333 3678 mens
347 3614 483 3678 confusa
503 3612 625 3679 diutius
641 3616 747 3700 potuit
762 3614 923 3698 laborare,
942 3614 1120 3694 minuitur,
1144 3633 1227 3676 sem·
1275 3628 1279 3635 ·

56 3742 116 3806 per
135 3722 223 3783 enim
237 3719 382 3785 adunata
397 3720 512 3784 divisis
529 3719 659 3784 facilius
675 3722 862 3806 capiuntur.
875 3719 997 3787 Omnes
1016 3719 1127 3803 itaque
1138 3711 1227 3781 modi

56 3826 348 3912 distinctionesque
367 3827 538 3890 modorum
557 3826 608 3891 his
626 3826 734 3890 tribus
753 3835 910 3912 aptantur
932 3823 1069 3888 vocibus
1095 3819 1124 3886 G
1134 3826 1169 3888 D
1185 3825 1226 3887 Ε.

57 3934 294 3997 Distinctiones
317 3941 428 3997 autem
452 3932 526 4007 dico
545 3954 616 4013 aas,
641 3954 713 4017 quae
733 3955 753 3996 a
770 3934 932 4019 plerisque
956 3930 1148 3994 differentiae
1170 3951 1226 3993 vo-

59 4047 185 4119 cantur,
202 4038 263 4103 hoc
276 4048 324 4103 est
347 4069 361 4097 a
373 4037 550 4102 seculorum
561 4061 661 4102 amau.
675 4059 693 4101 u
711 4039 906 4102 Differentia
920 4046 1030 4101 autem
1044 4036 1167 4100 idcirco
1179 4035 1229 4103 di·

58 4147 155 4227 citur,
179 4144 306 4230 eoquod
331 4146 496 4209 discernat
520 4168 576 4209 seu
596 4156 724 4231 separet
743 4146 858 4233 plagas
882 4144 923 4208 ab
948 4145 1112 4225 autentis3
1136 4152 1228 4206 caete-

59 4275 133 4316 rum
156 4251 292 4316 abusive
316 4252 448 4316 dicitur.
471 4253 560 4336 Ergo
584 4275 695 4318 omnes
709 4276 815 4333 ,voces
832 4253 903 4319 alia
922 4273 997 4317 cum
1015 4250 1065 4314 his
1082 4250 1227 4335 aliquam

59 4357 184 4422 habent
207 4358 425 4444 concordiam,
446 4381 501 4423 seu
517 4360 552 4426 in
571 4361 773 4446 depositione
790 4384 847 4427 seu
865 4363 899 4425 in
919 4359 1116 4438 elevatione3
1133 4355 1227 4420 nulloe
