3120 5144
489 394 601 450 GUIDO
620 394 781 450 nunnus
1166 397 1219 453 433
1279 351 1280 354 ¹

94 539 214 625 [Igitur
236 540 323 628 quia,
349 549 386 606 ut
409 540 535 624 dietum
558 551 618 625 est,
641 542 789 629 ejusdem
813 541 1007 608 conditionis
1023 552 1166 630 quatuor
1184 551 1217 608 et

49 655 191 732 quatuor
214 656 334 712 natura
357 649 483 732 statuit,
506 649 553 715 ita
576 656 609 714 et
632 657 708 714 note
731 670 814 735 pene
838 657 914 713 sunt
937 649 1068 732 eodem3
1100 650 1217 715 solum·

49 754 145 820 modo
171 755 430 821 tetracordorum
454 757 640 822 differentia
663 758 831 822 variorum
861 758 966 822 versis
996 757 1216 822 caracteribus

49 860 225 927 indicatur.

92 968 224 1033 Primus
249 969 353 1035 finalis
377 993 434 1036 seu
458 970 640 1036 terminalis
663 973 703 1056 It,
728 971 843 1038 dasian
866 970 1025 1039 inclinum
1048 971 1082 1058 S,
1101 971 1144 1039 ad
1164 995 1216 1039 cc·

51 1084 118 1162 put,
143 1077 208 1141 ita:
236 1060 291 1162 2⁸.

92 1236 265 1304 Secundus
287 1239 407 1324 finalis,
437 1239 474 1325 0,
496 1263 628 1307 versum
651 1242 693 1307 ad
716 1253 825 1330 eaput,
849 1245 916 1310 ita:
940 1216 980 1312 f.

93 1381 227 1448 Tertius
250 1383 357 1449 finalis
380 1385 404 1448 I
422 1385 488 1449 iota
511 1383 653 1472 simplex
675 1393 708 1450 et
730 1385 898 1472 inclinum,
923 1389 986 1453 ita:
1006 1391 1037 1453 1.

92 1527 238 1610 Quartus
260 1526 370 1593 finalis
398 1527 628 1594 Odemidium
651 1528 694 1595 ad
722 1538 830 1616 caput,
855 1532 918 1596 ita:
943 1473 991 1591 i>

93 1671 222 1738 Graves
252 1673 428 1738 retroversi
454 1672 578 1759 finales,
608 1645 677 1740 ita:
719 1668 752 1759 Τ
780 1667 804 1774 ‘1³
831 1673 878 1746 N
894 1654 985 1781 J]
1002 1700 1049 1781 (1)

93 1835 286 1923 Superiores
309 1836 440 1902 demissi
463 1826 588 1922 finales,
612 1822 678 1906 ita:
710 1826 754 1935 J,
778 1826 811 1936 J
844 1808 891 1919 If
918 1839 1003 1956 cJ,

93 1998 302 2067 Excellentes
319 1999 451 2068 demissi
466 2024 594 2089 graves,
611 2005 673 2068 ita:
707 2009 741 2101 p
772 1975 795 2080 d
825 1999 867 2075 X
892 1993 948 2105 b„

475 2188 497 2196 v«
510 2188 791 2198 ..φο-Ἤρ...-

155 2409 262 2489 nuru
284 2410 320 2486 BE
342 2409 484 2486 nortun
508 2408 653 2485 furunt
675 2408 712 2484 tr
736 2407 881 2485 crunon
903 2407 1116 2491 tunnrrntt

471 2608 698 2672 enarratur
720 2605 792 2685 us)

81 2773 181 2851 igitur
194 2773 298 2850 protus
313 2771 412 2832 decem
426 2771 517 2832 habet
530 2772 678 2849 regulares
692 2770 843 2855 formulas,
855 2770 886 2829 id
900 2772 952 2843 est,
968 2787 1017 2829 sex
1030 2771 1224 2847 propositivus

42 2875 71 2933 et
89 2874 149 2932 tres
170 2871 349 2948 appositivas
371 2872 401 2930 et
421 2891 512 2931 unam
531 2871 754 2948 suppositivam.
775 2869 814 2930 Et
833 2870 870 2928 he
890 2868 1019 2945 quidem,
1042 2889 1100 2945 que
1120 2888 1223 2946 prepo-

40 2970 125 3031 sitive
145 2972 223 3043 sunt,
245 2970 320 3029 fiunt
339 2972 419 3043 tono,
442 2970 553 3043 ditono,
567 2956 763 3042 semiditonio,
778 2969 825 3029 vel
838 2967 1019 3028 triemitonio
1033 2970 1063 3027 ot
1077 2966 1197 3045 disperit
1215 3013 1222 3026 .
1246 2964 1249 2968 ‘

41 3069 214 3147 Appositive
234 3071 333 3128 eutem
353 3069 422 3127 sunt
442 3088 498 3143 que
517 3069 549 3127 in
569 3068 671 3128 eadem
692 3085 761 3128 voce
785 3087 843 3143 qua
866 3066 993 3126 formula
1015 3065 1125 3140 finitur,
1147 3067 1223 3127 anti-

41 3169 135 3246 phone
156 3167 333 3244 principium
354 3166 484 3244 ponitur,
506 3166 544 3225 Et
563 3167 600 3226 he
622 3167 740 3243 quidem
760 3167 876 3226 duobus
896 3167 990 3227 modis
1010 3168 1095 3239 fiunt,
1121 3166 1152 3226 id
1178 3167 1224 3226 est

41 3266 199 3344 aliquando
220 3267 252 3325 in
273 3265 466 3343 primamne,
488 3265 519 3324 id
539 3268 583 3325 est
604 3285 637 3325 ea
658 3285 716 3342 que
736 3267 823 3325 finem
844 3266 1002 3338 torminat3
1024 3265 1171 3325 interdum
1192 3265 1223 3324 in

41 3367 189 3438 affinibus
211 3364 241 3424 in
262 3365 307 3425 his
326 3363 470 3436 videlicet,
493 3383 551 3440 que
571 3364 651 3424 finali
671 3364 737 3424 voci
757 3384 811 3441 per
838 3382 887 3424 sex
914 3352 1096 3442 supradictas
1123 3382 1224 3424 conso·

43 3465 157 3526 nuntias
175 3463 374 3524 conveniunt.
397 3463 585 3540 Suppositive
611 3464 709 3522 autem
730 3464 805 3524 fiunt
825 3463 1014 3549 semiditon03
1038 3466 1066 3523 ct
1087 3462 1224 3523 dicuntur

40 3563 220 3641 suppositivo
242 3561 376 3637 eoquod
403 3561 473 3620 fines
501 3561 696 3622 formularum
723 3563 778 3622 sub
809 3563 953 3639 principia
980 3562 1127 3624 ducantur
1148 3563 1223 3623 anti·

40 3666 206 3742 phonarum
227 3657 416 3740 [propositive
435 3681 505 3722 vero
527 3680 560 3722 oo
581 3661 660 3739 quod
680 3657 857 3740 proponant]
874 3657 928 3738 (3).

79 3763 224 3835 Quoniam
243 3782 312 3822 vero
333 3764 436 3838 protus
457 3761 528 3822 duas
547 3761 677 3821 diversas
691 3761 722 3819 in
742 3780 803 3820 una
823 3760 1029 3821 terminatione
1049 3762 1156 3821 habere
1180 3763 1224 3821 vi-

39 3865 126 3925 detur
146 3862 296 3935 formulas,
317 3861 389 3921 libet
410 3861 519 3921 intueri
539 3860 669 3935 uberius,
690 3859 798 3936 quibus
826 3859 1066 3920 distinctionibus
1095 3863 1222 3937 utreque

42 4172 43 4175 Ἴ
84 4106 125 4175 (l)
144 4102 183 4156 Le
202 4101 297 4172 parole
315 4100 413 4158 chiuse
431 4099 476 4156 fra
494 4099 504 4155 i
522 4103 577 4156 due
596 4099 677 4173 segni
700 4117 840 4156 mancano
857 4099 888 4154 in
918 4099 1054 4156 Gerberto
1082 4118 1114 4155 su
1142 4107 1244 4172 questo

39 4198 175 4262 trattato3
194 4209 240 4250 ma
258 4190 315 4263 egli
332 4192 359 4246 le
377 4191 416 4245 ha
434 4190 511 4262 n‘egli
530 4190 622 4247 scritti
645 4192 674 4245 di
693 4191 811 4257 Ubaldo‚
831 4191 861 4244 T.
880 4191 902 4255 Ι,
922 4207 989 4261 pag.
1010 4191 1070 4244 153.

83 4285 126 4357 (2)
145 4283 189 4338 Da
205 4287 305 4354 questo
323 4287 413 4353 punto
431 4298 570 4354 prosegue
588 4281 609 4336 il
627 4282 764 4341 Gerberto
783 4299 868 4338 senaa
887 4299 981 4338 nuova
998 4279 1178 4338 indicaaione
1196 4280 1225 4336 di

39 4373 171 4445 capitolo.

85 4463 127 4535 (3)
145 4453 288 4518 Mancano
306 4461 353 4517 nel
371 4460 515 4518 Gerberto.

101 4589 281 4646 28.-Bursn1‚
299 4589 375 4631 Guido
392 4589 493 4634 Aretissa,
