3120 5144
311 427 365 482 398
754 422 866 478 GUIDO
886 422 1049 477 ARETINO

359 574 473 638 Donec
496 571 618 635 frustra
642 570 738 650 vivit,
763 569 848 631 mira
870 567 999 632 laborat
1022 568 1163 648 insania,

360 683 448 746 Dum
471 682 542 745 siue
566 680 723 764 magistro
747 675 839 740 nulla
862 676 1003 740 discitur
1028 674 1219 760 antiphona.

359 787 453 853 Notis
477 809 553 872 ergo
578 787 642 850 illis
666 786 795 871 spretis,
821 783 939 870 quibus
963 784 1083 869 vulgus
1108 787 1225 864 utitur,

360 895 456 977 Quod
471 896 551 959 ,sine
574 893 710 958 ductore
733 914 906 978 nusquam,
931 900 968 955 ut
991 913 1106 972 caecus,
1137 888 1364 976 progreditur.

360 999 493 1086 Septem
516 1001 596 1064 istas
619 998 709 1062 disce
734 1007 827 1061 notas
850 1007 976 1083 septem
1000 994 1265 1060 characteribus.

316 1145 1035 1216 mmmmmmmmmmmm

317 1239 621 1299 Raao.n
714 1239 751 1291 Ε
844 1236 875 1289 R
948 1237 980 1290 st
1144 1251 1171 1288 a
1254 1234 1472 1287 oc.d

1105 1319 1499 1386 wmmmmmm

1079 1463 1344 1571 εἴθε

1063 1606 1352 1673 mmmmm

362 1739 511 1824 Namque
535 1736 608 1801 aliae
632 1745 785 1821 septenae,
812 1756 883 1821 quae
907 1742 1113 1820 sequuuutur
1137 1743 1263 1820 postea,
1339 1794 1347 1812 ,

361 1845 435 1909 Non
458 1854 536 1908 sunt
559 1843 643 1927 aliae,
669 1842 727 1906 sed
751 1864 816 1905 una
840 1840 1046 1927 replicantur
1072 1841 1197 1924 regula.

363 1952 452 2033 Quia
475 1974 593 2017 vocum
617 1959 655 2014 ut
678 1950 816 2030 dierum,
841 1970 933 2033 aeque
957 1950 1000 2011 sit
1024 1946 1240 2012 hebdomada.

363 2058 452 2139 Quas
476 2062 514 2143 si,
539 2062 623 2123 sicut
648 2057 841 2137 audiuntur,
867 2057 918 2120 vis
942 2057 1056 2120 videre
1080 2055 1195 2138 oculis,

362 2165 428 2231 Ore
451 2167 583 2230 interim
608 2167 733 2247 silente,
759 2164 923 2229 manualis
948 2165 1055 2250 operis

363 2273 604 2358 Argumentum
628 2272 685 2335 fiat
710 2273 809 2336 certis
833 2271 1011 2335 diffinitum
1035 2273 1178 2335 numeris
1205 2273 1265 2353 (l).

362 2384 387 2442 Γ
412 2378 553 2444 Gamma
576 2400 719 2464 graecum
744 2377 878 2463 quidam
903 2392 1029 2463 ponunt
1053 2387 1130 2441 ante
1153 2379 1293 2463 primam
1318 2376 1468 2460 litteram,

360 2483 392 2549 A
416 2507 479 2570 quo
503 2484 655 2571 passibus
679 2487 824 2571 partitur
849 2505 966 2547 novem
989 2491 1058 2548 tota
1081 2483 1180 2547 linea.

361 2590 428 2656 Ubi
452 2591 576 2677 primus
599 2614 715 2677 passus
738 2591 822 2674 finit,
847 2592 954 2677 prima
978 2593 1042 2655 erit
1064 2590 1186 2655 littera.

361 2698 459 2763 Modo
483 2698 582 2762 simili
607 2721 627 2762 a
651 2700 758 2784 prima
781 2720 897 2784 passus
921 2698 1003 2763 fiant
1027 2698 1173 2781 totidem,

362 2805 406 2869 Et
429 2806 578 2871 secundae
603 2807 692 2872 locus
717 2815 808 2892 patet
832 2805 1020 2890 supradicto
1045 2806 1179 2870 ordine:

362 2913 472 2993 Quam
495 2915 708 2978 concordiam
732 2934 885 2977 sonorum
909 2921 1022 2976 tonum
1046 2912 1161 2977 dicunt
1185 2915 1315 2978 musici.

406 3021 532 3084 Rursus
557 3029 659 3085 totam
685 3020 832 3085 Gammae
856 3018 1013 3083 chordam
1037 3020 1152 3084 divide
1176 3043 1235 3105 per
1259 3031 1410 3107 quatuor,

360 3128 477 3191 Tertia
501 3127 672 3192 confestim
695 3137 793 3192 canet
816 3127 967 3192 secundae
991 3129 1142 3209 vicinior,

361 3234 542 3298 Tantillum
566 3234 693 3299 duobus
718 3237 803 3298 tonis
827 3234 901 3320 plus
925 3244 974 3298 est
994 3234 1209 3300 diatessaron.

362 3341 578 3406 Semitonium
602 3350 740 3405 vocatur
763 3343 870 3426 ipsum
894 3340 994 3405 breve
1017 3343 1173 3426 spatium,

362 3447 474 3512 Tenus
498 3470 576 3512 vero
600 3457 659 3532 est,
683 3471 781 3534 quem
804 3448 885 3512 facit
907 3470 1023 3513 norma
1046 3470 1164 3513 novem
1188 3451 1346 3535 partium.

363 3554 414 3618 De
438 3556 606 3640 quaternis
630 3554 730 3620 habet
755 3556 960 3623 diatessaron
985 3555 1190 3620 vocabulum.

362 3661 430 3746 Ipsi
454 3671 550 3725 tonus
573 3663 600 3725 si
625 3661 776 3743 addatur,
803 3663 958 3747 diapente
982 3664 1100 3742 oritur,

361 3767 457 3847 Quod
479 3767 520 3831 de
543 3769 689 3855 quinque
713 3791 829 3834 nomen
854 3769 1007 3834 Graecum
1032 3770 1066 3833 in
1093 3771 1247 3835 Latinum
1272 3773 1423 3837 vertitur.

358 3875 444 3939 Nam
468 3876 494 3938 si
519 3897 632 3960 passus
657 3886 766 3940 ternos
790 3875 880 3959 facit,
907 3878 1053 3962 quinque
1077 3886 1205 3942 constat
1230 3878 1369 3943 vocibus

362 3983 445 4048 Inde
469 3985 576 4069 prima
602 3983 695 4049 dabit
719 3993 844 4070 quartae
868 3988 1039 4072 quaternis
1062 3985 1234 4068 indicium,

363 4091 408 4153 Et
431 4091 575 4155 secunda
597 4093 700 4157 servit
725 4093 846 4177 quintae
870 4115 928 4178 per
952 4092 1103 4157 eumdem
1127 4114 1314 4158 numerum.

353 4339 395 4408 (1)
415 4337 448 4392 V.
466 4337 499 4391 Vi
519 4337 555 4408 (f.
578 4337 670 4426 cuius)
698 4341 774 4395 clare
799 4341 895 4410 parvis
923 4346 1044 4411 pateant
1063 4341 1189 4412 puerulis
1213 4361 1276 4415 quae
1297 4362 1432 4400 vocamus
1453 4340 1485 4396 sic

318 4424 473 4496 primarum
493 4425 652 4482 litterarum
673 4430 796 4499 spatium
823 4430 863 4501 (f.
882 4430 997 4502 spatia).
