3120 5144
251 128 305 182 412
693 127 987 184 surooaarrruo
1131 178 1133 181 .
1202 116 1203 119 ‘
1271 128 1479 180 *a*

249 294 369 354 neuma
392 274 558 357 habuerit,
582 274 615 338 in
641 272 859 339 monochordo
883 275 1063 355 sonaveris,
1088 283 1187 358 atque
1211 273 1254 338 ab
1279 276 1352 360 ipso
1372 288 1432 339 a'u·

251 379 342 444 diens
365 391 535 466 tamquam
560 380 602 445 ab
625 379 757 445 homine
780 382 938 466 magistro
959 380 1083 445 discere
1102 382 1233 466 poteris.
1260 380 1326 446 Sed
1351 404 1431 468 pue·

249 485 330 551 rulis
355 489 419 552 ista
448 496 496 552 est
529 485 655 572 regula,
679 488 706 550 a
729 487 815 553 bona
851 489 983 574 quidem
1015 486 1262 573 incipientibus,
1288 489 1432 574 pessima

170 628 171 632 ,
249 603 359 659 autem
384 595 681 681 perseverantibus.
706 595 785 660 Vidi
815 597 901 660 enim
936 595 1056 660 multos
1086 595 1295 660 acutissimos
1327 594 1432 680 philo·

251 701 378 788 sophos,
403 702 458 786 qui
481 723 539 788 pro
564 700 672 766 studio
691 702 789 766 huius
813 704 893 767 artis
912 725 977 767 non
997 703 1099 768 solum
1117 700 1231 784 Italos,
1251 702 1309 767 sed
1331 703 1433 766 etiam

251 808 365 874 Gallos
385 818 483 894 atque
498 808 691 890 Germanos,
711 810 861 895 ipsosque
880 811 981 874 etiam
1000 805 1136 885 Graecos
1160 811 1344 894 quaesivere
1365 831 1433 873 ma·

250 917 384 1001 gistros3
408 914 464 978 sed
487 916 565 1000 quia
589 916 623 979 in
647 914 710 979 hac
734 917 801 980 sola
820 915 934 1002 regula
950 916 1063 980 confisi
1088 924 1175 998 sunt,
1193 938 1257 980 non
1273 915 1432 980 dicomu-

250 1023 319 1104 sici,
343 1021 402 1086 sed
425 1044 530 1108 neque
554 1032 703 1086 cantores
726 1044 882 1107 umquam
909 1022 992 1105 fieri,
1012 1022 1064 1086 vel
1090 1033 1218 1087 nostros
1242 1023 1431 1108 psalmistas

250 1127 403 1215 puerulos
415 1130 539 1192 imitari
556 1137 742 1215 potuerunt.
755 1128 829 1193 Non
844 1151 921 1215 ergo
934 1128 1092 1193 debemus
1106 1152 1233 1216 semper
1246 1151 1307 1215 pro
1318 1130 1430 1213 ignote

250 1245 349 1299 cantu
365 1257 481 1299 vocem
498 1234 638 1300 hominis
654 1235 708 1299 vel
725 1235 863 1299 alicuius
879 1237 1090 1299 instrumenti
1107 1257 1265 1321 quaerere,
1282 1244 1321 1298 ut
1337 1236 1431 1320 quasi

250 1345 327 1407 eaoei
350 1342 523 1406 videamur
546 1363 725 1428 numquam
750 1343 820 1407 sine
844 1342 978 1407 ductore
997 1342 1191 1428 procedere;
1211 1333 1431 1426 sed'singulo

251 1471 325 1512 rum
349 1471 511 1528 sonorum,
538 1449 746 1535 omniumque
769 1448 1009 1535 depositionum
1028 1450 1055 1512 a
1074 1448 1297 1514 elevationum
1322 1448 1430 1512 diver·

251 1559 364 1621 sitates
376 1559 656 1642 proprietatesque
669 1556 743 1621 altae
760 1559 924 1622 memoriae
939 1557 1179 1622 commendare.
1193 1556 1341 1622 Habebis
1354 1578 1430 1641 ergo

251 1673 483 1748 argumentum
501 1663 544 1727 ad
568 1663 804 1728 inveniendum
823 1663 1009 1729 inauditum
1033 1674 1168 1729 cantum
1191 1663 1387 1728 facillimum
1403 1664 1444 1727 a·

251 1768 528 1854 probatissimum,
551 1771 577 1834 si
602 1772 654 1854 sit,
679 1773 733 1857 qui
759 1794 823 1837 non
848 1772 944 1836 modo
969 1774 1100 1858 scriptu,
1119 1772 1176 1835 sed
1200 1773 1311 1856 potius
1335 1771 1429 1835 fami·

251 1877 326 1941 liari
350 1876 568 1942 collocutione
597 1878 777 1943 secundum
800 1901 925 1943 morem
956 1888 1104 1943 nostrum
1132 1878 1261 1942 noverit
1285 1875 1428 1962 aliquem

251 1984 398 2049 edocere.
422 1985 572 2070 Namque
596 1994 770 2072 postquam
793 1985 855 2049 hoe
878 1996 1110 2071 argumentum
1133 1986 1204 2071 cepi
1227 1985 1342 2071 pueris
1364 1993 1429 2048 tra-

250 2093 337 2173 dere,
362 2101 439 2156 ante
468 2091 616 2157 triduum
647 2092 779 2178 quidam
805 2114 917 2156 eorum
946 2101 1123 2179 potuerunt
1151 2094 1280 2176 ignotos
1311 2102 1428 2156 cantus

249 2200 365 2263 leviter
388 2221 515 2280 canere,
539 2199 625 2285 quod
645 2199 719 2263 aliis
738 2200 941 2285 argumentis
957 2220 1018 2263 nec
1037 2199 1148 2262 multis
1167 2197 1429 2263 hebdomadibus

251 2315 379 2390 poterat
398 2307 540 2370 evenire.

295 2411 329 2477 Si
351 2433 450 2498 quam
471 2434 548 2497 ergo
568 2434 683 2477 vocem
702 2411 755 2476 vel
776 2434 931 2476 neumam
951 2412 1068 2476 visita
1083 2412 1249 2476 memoriae
1266 2433 1430 2477 commen-

251 2517 338 2598 dare,
359 2527 395 2582 ut
411 2517 608 2604 ubicumque
626 2520 718 2602 velis,
739 2520 771 2584 in
793 2542 998 2606 quocumque
1022 2529 1133 2601 cantu,
1153 2541 1250 2605 quem
1275 2520 1364 2584 scias
1379 2519 1429 2584 vel

252 2615 387 2706 nescias,
414 2624 474 2690 tibi
498 2647 574 2689 mox
597 2627 699 2711 possit
723 2649 904 2710 occurrere,
929 2637 1090 2714 quatenus
1112 2648 1190 2691 mox
1214 2626 1311 2691 illum
1336 2626 1428 2690 indu·
1491 2669 1494 2682 ·

252 2733 397 2796 bitanter
421 2734 524 2819 possis
548 2735 731 2817 enuntiare,
757 2733 856 2798 debes
878 2735 984 2820 ipsam
1003 2756 1117 2798 vocem
1140 2732 1193 2798 vel
1215 2755 1371 2797 neumam
1394 2734 1428 2796 in

252 2841 360 2926 eapite
380 2840 515 2904 alicuius
534 2840 711 2905 notissimae
731 2838 933 2928 symphonia
953 2850 1080 2923 notare,
1099 2842 1126 2904 dr
1149 2863 1208 2928 pro
1230 2862 1428 2926 unaquaque

251 2970 330 3012 voce
345 2948 509 3012 memoriae
522 2946 696 3011 retinenda
712 2945 900 3011 huiusmodi
916 2946 1145 3034 symphoniam
1158 2949 1191 3010 in
1204 2956 1361 3034 promptu
1377 2947 1428 3010 ha

251 3053 338 3138 bere,
363 3076 435 3141 quae
459 3052 501 3118 ab
527 3053 641 3118 eadem
657 3076 737 3118 voce
757 3055 912 3139 incipiat:
938 3062 1051 3141 utpote
1070 3056 1113 3119 sit
1135 3054 1205 3118 haec
1221 3054 1427 3140 symphonia,
1455 3081 1461 3119 3

251 3183 316 3245 qua
332 3182 391 3246 ego
408 3159 563 3225 docendis
579 3161 689 3246 pueris
706 3161 867 3246 imprimis
880 3169 979 3248 atque
995 3162 1096 3225 etiam
1111 3162 1145 3224 in
1160 3160 1285 3225 ultimis
1299 3171 1385 3225 utor.

313 3356 334 3411 c
415 3354 481 3409 nr
546 3354 638 3409 nun
682 3353 815 3410 uoco
869 3354 934 3408 au
990 3351 1086 3408 uren
1137 3352 1271 3408 naeu
1333 3312 1440 3407 Μ

307 3446 343 3502 Ut
396 3451 500 3516 queant
554 3445 628 3500 taxis
682 3459 813 3500 resonare
867 3445 945 3511 fibris
1005 3446 1079 3498 mira
1134 3446 1275 3514 pastorum
1331 3442 1388 3510 fam
1423 3451 1430 3459 ’

254 3523 512 3592 errabamus
549 3535 639 3590 reo
702 3534 764 3590 aaa
824 3533 930 3589 raas
979 3533 1093 3589 auso
1148 3533 1265 3588 cuo.

260 3631 369 3682 tuorum
414 3627 487 3681 soloe
536 3626 640 3695 polluti
695 3625 763 3680 tabit
799 3628 934 3690 reatum,
987 3628 1082 3678 sancte
1136 3622 1285 3676 Iohannes.

294 3801 397 3870 Vides
420 3805 541 3890 itaque,
565 3814 602 3869 ut
627 3803 695 3868 haec
719 3800 915 3889 symphonia
933 3801 1021 3865 senis
1045 3797 1217 3886 particulis
1238 3801 1310 3862 suis
1335 3821 1400 3863 a

250 3913 391 3978 diversis
415 3914 555 4000 incipiat
578 3911 736 3978 vocibus?
755 3911 791 3976 Si
815 3911 889 3997 quis
908 3911 1020 3996 itaque
1043 3908 1301 3993 uniuscuiusque
1324 3894 1401 3994 pas

250 4020 457 4106 culaecaput
480 4011 747 4085 ita'exercitatus
760 4019 912 4102 noverit,
935 4025 972 4081 ut
994 4015 1167 4081 confestim
1186 4026 1378 4109 quamcttm

251 4127 447 4213 particulam
473 4126 626 4210 voluerit,
657 4125 885 4216 indubitanter
908 4113 1056 4210 incipiat,
1086 4119 1217 4202 easdem
1242 4142 1305 4186 sex
1335 4114 1378 4187 vi
