3120 5136
537 394 649 449 culeo
669 391 828 446 senune
949 415 952 421 ·

103 541 224 599 Domine
246 538 365 600 ostende
387 540 482 600 nobie.

103 639 164 710 Quo
187 640 380 716 progrederis.

104 735 293 796 Consortatus
317 739 368 795 est.

104 833 317 895 Clamaverunt.

712 537 880 597 Benedicta.

711 637 853 698 Pretiosa.

713 732 933 811 loquebantur.

713 832 875 893 Recordare
895 833 952 893 mei
972 830 1105 892 Domine.

663 1057 722 1116 VII

105 1347 400 1355 ——---—--
404 1347 526 1355 —-..-.-...

202 1398 301 1458 Gloria
440 1400 604 1458 seculorum

106 1537 152 1594 Tu
171 1552 201 1594 es
223 1534 273 1609 qni
293 1536 443 1594 venturus.

105 1637 243 1695 Dextram
265 1653 370 1692 meam.
461 1648 467 1659 ·

103 1733 207 1792 Posuit
228 1732 357 1808 signum.

103 1834 147 1894 Sit
167 1853 273 1893 nomen
293 1832 420 1892 Domini.

105 1933 207 1993 Induit
227 1952 282 1991 me.

103 2034 235 2100 Christus
257 2031 456 2091 circumdedit.

104 2132 204 2208 Specie
224 2134 285 2191 tua.

105 2231 163 2308 Ipsi
183 2249 249 2289 sum
270 2229 452 2307 desponsata.

103 2330 238 2408 ingressa
258 2329 366 2405 Agnes.

104 2431 219 2489 Mecum
240 2430 325 2488 enim.

105 2529 223 2587 Annulo
245 2545 306 2600 suo,

103 2628 267 2705 Adjuvabit
288 2649 360 2687 eam.

102 2728 125 2787 Ο
148 2747 237 2804 quem
259 2729 381 2803 pulchra
403 2733 454 2788 eet.

104 2826 227 2901 Propter
249 2827 346 2886 fidem.

103 2925 173 2996 Quis
194 2944 223 2984 es
244 2928 280 2985 tu
302 2927 353 3002 qui
374 2927 465 2987 venis.

104 3026 223 3102 Agatha
242 3026 391 3085 letissima.

103 3126 216 3185 Relicta
237 3125 331 3185 domo.

786 1419 879 1459 amen.
947 1436 949 1439 -
1014 1401 1121 1459 Omnes
1142 1398 1284 1459 eicientes.
1333 1479 1335 1484 .

714 1534 745 1595 si
766 1554 833 1594 vere
854 1534 955 1593 fuerin.

714 1633 875 1693 Liberavit.

713 1834 836 1910 Proprie
858 1833 927 1891 filio.

714 1932 787 1991 Caro
808 1951 882 1990 mea.

717 2031 912 2091 Strinxerunt.

715 2130 864 2190 Nativitas
887 2132 938 2187 est.

716 2229 789 2288 (lum
810 2229 1003 2302 iucunditate.

716 2328 740 2388 Ο
761 2347 902 2405 magnum
923 2326 1053 2402 pietatis.

713 2427 854 2504 Imposita
875 2447 974 2485 manu.

714 2528 783 2585 Non
805 2525 875 2584 meis
897 2526 1018 2584 meritis.

714 2628 784 2686 Vidi
804 2646 890 2703 super
911 2627 1032 2685 monice.

713 2727 775 2806 Ego
797 2727 821 2786 si
843 2725 1022 2801 patibulum.

717 2825 802 2885 Salvo
824 2842 903 2883 crux.

717 2926 808 2984 Nemo
831 2922 878 2983 hic
901 2922 992 2982 alind.

717 3024 869 3084 Letabitur
887 3025 998 3099 justus.

654 3346 726 3407 VIII

101 3504 775 3600 {es-„w
652 3507 1181 3597 „m
1181 3575 1220 3584 -

102 3613 949 3628 wn—--fflffl—mm—n—
953 3613 1098 3621 ——-—-—-—
1109 3612 1287 3620 .—-.-„

286 3668 384 3728 Gloria

104 3810 177 3868 Post
197 3809 324 3882 partum.

103 3906 232 3983 Dignare
253 3922 308 3960 me.

105 4008 214 4066 Rorate
235 4002 296 4061 celi.

104 4105 214 4165 Emitte
236 4121 352 4179 agnum.

107 4202 299 4266 Annuntiate.

105 4303 238 4364 Crastina
259 4299 314 4359 die.

105 4402 220 4478 Popule
242 4419 333 4460 meus.

194 4529 375 4582 32-13m1n,
392 4530 467 4571 cnido
482 4530 586 4570 Areum.

628 3668 790 3726 seculorum
991 3683 1085 3736 amen,

715 3801 757 3859 Ut
777 3819 984 3878 cognoscamus
1006 3801 1108 3859 Deum.

715 3898 808 3958 Sinite
830 3900 977 3977 parvulos·

718 3997 818 4058 Gaude
839 3999 942 4057 Maria.

716 4097 847 4174 Angelus
868 4095 994 4156 Domini.

715 4195 855 4256 Ascendit
876 4194 1019 4254 dominus.

715 4294 934 4356 Custodiebant.
1015 4290 1017 4295 ’

718 4393 893 4472 Egredietur
914 4394 1057 4453 dominns.
