3120 5144
537 384 650 439 GUIDO
671 382 832 438 annulae

88 532 222 592 Gaudete
243 533 273 591 in
296 531 430 591 Domino.
706 532 749 591 De
769 533 881 593 ventre.

86 629 204 689 Etenim
227 618 364 689 sederunt
705 631 834 690 Laudato
854 631 947 707 pueri.

88 728 215 805 Exurge.
316 727 319 734 “
705 729 848 788 Dominus
870 747 961 788 secus.

87 825 339 884 Exclamaverunt.
704 828 809 886 Justus
830 845 890 885 non
911 828 1064 886 conturba.

86 922 200 982 Exaudi
220 923 352 983 Domine.
700 926 801 985 Justus
824 927 859 984 ut
879 926 987 1001 palma.

227 1523 327 1584 Gloria
518 1526 686 1585 seculorum

86 1663 194 1722 Rorate
216 1665 279 1723 oeli.
697 1665 893 1743 Suseepimus.

88 1759 276 1836 Gaudeamus
298 1780 406 1822 omnes.
647 1772 649 1776 ’
703 1764 816 1824 Inelina
836 1764 970 1824 Domine.

86 2224 243 2231 ——--——·
937 2225 977 2231 —
983 2225 1273 2233 —--——--—-—-.

85 2236 561 2325 &zizi-*¹-
940 2297 1039 2304 -..

185 2383 285 2443 Gloria
419 2384 587 2443 seculorum
669 2402 763 2442 amen.
825 2382 939 2443 Statuit
960 2386 990 2443 et
1064 2383 1210 2443 Dominus

423 2536 486 2612 Ego
508 2538 607 2595 autem
629 2536 659 2595 in
677 2535 806 2612 justitia,

424 2635 487 2712 Ego
509 2636 607 2694 autem
629 2635 658 2693 in
684 2635 814 2693 Domino.

423 2734 482 2792 Lex
502 2733 621 2793 Domini
642 2734 743 2793 nostri.

121 2897 182 2956 Iste
203 2895 342 2955 introitus
362 2893 486 2954 duorum
509 2895 662 2954 modorum
690 2893 808 2954 videtur
835 2911 912 2967 esse;
940 2894 1034 2953 idest
1055 2893 1169 2953 autenti
1190 2895 1267 2970 prot'

85 2997 114 3054 et
133 2993 250 3054 autenti
271 2993 337 3052 triti
358 2995 388 3052 et
408 2992 439 3050 in
460 2996 607 3069 quantum
629 2993 727 3053 videre
748 3011 912 3070 possumus.
934 2993 1053 3052 Boetius
1085 3010 1145 3052 esse
1171 2995 1269 3068 potest

85 3086 200 3153 autenti
219 3091 283 3151 triti
303 3110 392 3167 quam
415 3092 504 3167 proti,
525 3091 574 3150 sed
596 3091 667 3167 quia
688 3091 875 3168 culpabimur
888 3093 1020 3150 vetorum
1036 3090 1098 3150 fore
1112 3109 1268 3167 argumen-

84 3193 200 3262 tatores,
222 3190 253 3248 in
273 3189 396 3266 singulis
424 3189 518 3248 medis
546 3189 624 3264 quod
651 3189 801 3269 proprium
830 3189 938 3248 habeat
966 3189 1107 3248 dieamus.
1127 3187 1162 3246 In
1181 3189 1267 3264 proto

83 3289 195 3347 nullam
216 3287 425 3363 proprietatem
447 3286 555 3345 retinet
575 3286 675 3354 aliam,
696 3288 753 3346 nisi
773 3287 853 3363 quod
874 3304 972 3346 omnes
987 3305 1054 3346 suaa
1067 3286 1269 3346 distinctiones

83 3383 160 3444 infra
179 3384 273 3461 ipsius
294 3385 435 3444 terminos
455 3387 628 3444 coaretatur.
651 3384 682 3444 Si
702 3404 772 3463 ergo
794 3386 872 3462 proti
892 3405 957 3444 eam
972 3385 1016 3444 vis
1031 3385 1134 3457 faeere,
1157 3385 1213 3443 erit
1233 3404 1268 3443 ex

83 3483 267 3560 supraposita
287 3482 451 3542 differentia
472 3485 503 3542 et
522 3484 740 3555 terminabitur,
763 3484 820 3544 sio:

182 3821 364 3898 Sapientiam
470 3827 610 3899 praestans
914 3825 1044 3900 parvulis

83 3977 238 4036 Meditatio
260 3976 363 4035 cordis.
693 3976 800 4035 Faetus
821 3979 865 4035 est
886 3976 1023 4036 dominus
1049 3977 1206 4051 protector.

81 4075 263 4154 Sapientiam
284 4078 462 4135 sanatorum.
694 4075 799 4134 Justus
820 4078 864 4135 est
884 4062 1029 4134 dominus.

81 4174 167 4234 Salus
188 4176 287 4232 antam
304 4173 466 4249 justorum.
692 4174 737 4232 Da
759 4193 859 4249 paoem
881 4173 1007 4233 domiue.

81 4272 144 4332 Soio
166 4271 213 4330 oui
232 4271 319 4330 erodi.
692 4271 792 4331 Gloria
813 4275 842 4333 el
864 4273 982 4335 honore.

81 4370 160 4431 Dioit
181 4368 316 4428 dominus
337 4387 491 4429 sermones.

167 4501 346 4558 29.-Baiun1,
362 4501 439 4546 aaron
455 4503 559 4549 aretino.
