3120 5144
282 388 335 442 458
730 385 843 442 GUIDO
863 384 1023 440 uunuluo

285 531 398 594 Servite
419 532 544 594 Domino
566 535 606 593 in.
706 594 710 606 ,
898 533 1006 592 Peoem
1026 552 1121 593 monm
1142 532 1189 592 do.

285 631 353 693 Non
375 651 426 693 vos
446 633 601 711 reliquam.
896 633 992 692 Unam
1013 634 1087 711 petii

285 731 457 811 Intelligiie.
897 734 969 794 Dioo
991 734 1084 794 vobis.

285 834 390 894 Justus
410 834 562 896 Dominus.
590 893 594 899 ,
900 834 1011 894 Domus
1033 854 1106 895 mea.

285 933 332 992 Tu
352 934 509 994 mandasti.

288 1056 334 1141 Pu.
355 1065 451 1128 Hodie
471 1069 555 1130 nobIs
575 1069 610 1129 de
630 1071 700 1131 oelo.

289 1147 326 1234 II.
349 1166 448 1228 Gloria
468 1168 500 1228 in
522 1169 650 1229 excelsis.

469 1473 568 1533 Gloria
669 1475 747 1551 putri
867 1478 896 1535 et

287 1617 1476 1763 &QAETEU
1015 1644 1477 1738 —r-T-ffl

429 1780 548 1858 spiritui
690 1783 887 1841 senotosiout
989 1781 1155 1840 eratin
1204 1774 1206 1778 ’
1269 1781 1417 1859 principio

288 1873 1477 2065 fflH-ssssm:

391 2091 421 2149 ot
488 2105 582 2147 nuno
645 2089 674 2146 et
753 2104 866 2162 semper
1007 2089 1036 2143 et
1096 2085 1126 2142 in
1266 2087 1370 2145 secula

291 2206 1477 2361 ξεᾍ-,ΞΕΞΞΞΞΞΣΓ

307 2342 604 2355 -...-----

429 2474 434 2489 ,
494 2394 659 2454 seculorum
851 2410 944 2450 amen.

689 2549 803 2582 nxnnrorn
818 2548 960 2583 eunuaurus
974 2548 1060 2581 munus
1137 2539 1139 2545 '

706 2740 930 2801 unumunurn
944 2739 1003 2798 vu
1014 2736 1061 2818 (1)
1133 2793 1136 2797 .
1176 2824 1178 2829 .

623 2943 625 2949 ,
682 2897 815 2940 ludim
839 2897 961 2938 rnuols
988 2898 1088 2938 TBI'H

334 3056 472 3117 Profatus
501 3073 571 3131 ergo
598 3055 688 3112 tritus
716 3054 768 3129 qui
793 3069 899 3112 vocum
928 3052 1113 3126 aliorumque
1140 3050 1296 3110 modorum
1327 3055 1373 3111 est
1398 3053 1478 3129 quasi

298 3158 438 3218 formator
452 3156 482 3215 et
496 3156 636 3224 ostensor,
651 3152 796 3211 coloribus
817 3151 966 3228 tinguitur
986 3149 1093 3208 croceis
1114 3152 1143 3209 et
1162 3150 1260 3210 rubris
1282 3153 1316 3209 ut
1338 3169 1374 3211 eo
1395 3151 1478 3212 modo

295 3259 406 3318 eeteros
426 3255 503 3314 otroa
521 3271 552 3312 se
573 3251 671 3330 signet
691 3252 825 3328 signatus
840 3268 913 3326 quos
928 3251 989 3326 ipse
1003 3248 1135 3310 cernitur
1147 3250 1301 3309 coloribus.
1316 3250 1367 3309 Fit
1381 3256 1478 3310 autom
1541 3301 1545 3311 .

296 3354 444 3415 interdum
467 3355 533 3429 post
554 3350 626 3409 duos
646 3349 761 3425 edjeoto
781 3348 955 3415 semitonio:
977 3347 1069 3424 aliqui
1091 3367 1158 3407 vero
1180 3351 1247 3425 post
1266 3351 1327 3408 tres
1349 3369 1417 3410 oum
1438 3368 1478 3409 se·

233 3466 235 3472 ’
297 3453 420 3513 mitonio
448 3452 580 3530 adjunto.
611 3449 751 3527 Superior
781 3449 880 3507 autern
908 3466 977 3524 pars
1005 3447 1151 3507 semitonii
1178 3449 1282 3507 tritum
1305 3449 1334 3509 et
1360 3449 1480 3508 inferior

296 3553 453 3612 deuterum
481 3552 575 3610 sonat.
598 3548 729 3625 Cumque
759 3547 872 3606 dnobus
901 3546 972 3606 insit
992 3546 1111 3605 vocibus
1141 3547 1255 3623 plagula
1277 3547 1427 3623 quoddam
1447 3566 1480 3606 ex

298 3671 357 3713 una
377 3652 502 3723 resonet,
524 3648 708 3728 autenticum
729 3667 763 3705 ex
784 3648 884 3707 altera.
908 3645 1025 3704 Etenim
1055 3665 1120 3705 oum
1148 3663 1236 3722 super
1255 3665 1286 3705 se
1308 3645 1382 3707 duos
1403 3643 1479 3708 aooe·

299 3750 375 3830 perit
395 3752 479 3810 tonos
500 3751 529 3809 et
548 3746 746 3818 semitonium,
769 3745 952 3822 antiphonae,
976 3745 1166 3822 responsoria,
1189 3745 1339 3820 introitus,
1355 3766 1480 3807 commu·

298 3855 399 3914 niones
420 3854 449 3911 et
470 3849 568 3910 omnin
588 3868 661 3926 pene
682 3866 737 3924 que
758 3847 872 3922 inipso
894 3864 955 3906 esse
977 3848 1103 3923 possunt
1117 3846 1245 3922 plagatia
1265 3846 1358 3920 feota;
1381 3850 1479 3908 auton-

297 3954 357 4015 tioa
377 3955 475 4011 autem
497 3968 657 4025 numquam
679 3950 732 4006 aut
752 3946 909 4006 rarissime.
930 3946 1005 4005 Item
1027 3963 1092 4004 oum
1113 3945 1204 4004 fuerit
1223 3943 1318 4005 trium
1343 3948 1478 4007 tonorum

298 4071 331 4113 ao
351 4049 498 4111 semitonii
519 4049 582 4125 ejus
604 4045 728 4106 elevatio
749 4045 780 4104 in
804 4045 867 4121 ipso
897 4044 1047 4105 autentica
1075 4047 1146 4105 sunt
1172 4043 1329 4121 minusque
1360 4045 1479 4124 plagalis

298 4168 359 4211 esse
380 4150 485 4227 potest.
506 4147 605 4224 Igitur
624 4145 712 4205 tritus
733 4144 826 4204 trium
851 4146 991 4203 tonorum
1019 4143 1186 4214 autenticus
1207 4144 1237 4202 et
1258 4142 1397 4217 duorum,
1422 4146 1480 4222 pta·

291 4250 375 4328 'galis
388 4246 584 4308 'nihilominus
605 4247 650 4305 est
669 4263 787 4305 servans
808 4243 864 4302 sibi
879 4241 1004 4320 propriis
1017 4242 1097 4315 loeis,
1114 4246 1145 4302 ut
1158 4260 1212 4300 neo
1233 4244 1402 4304 autenticus
1422 4246 1480 4322 pla·

291 4349 396 4426 >quiem
416 4344 546 4421 recipiat,
568 4361 619 4402 nee
640 4343 764 4421 plagalis
785 4339 1075 4402 autenticum.'0um
1096 4340 1185 4399 tritus
1201 4339 1332 4402 duorum
1346 4344 1478 4403 tonorum

342 4539 382 4611 (1)
401 4538 435 4592 In
454 4538 596 4594 daussem.
616 4537 693 4609 VIII,
710 4493 767 4608 per·
779 4538 808 4591 la
826 4533 942 4607 ragione
962 4534 1013 4589 ohe
1033 4551 1124 4604 sopra.
