3030 5138
195 398 248 452 sss
565 372 568 376 ’
643 397 757 453 sumo
775 396 938 452 anenno

196 544 358 608 memoria
383 541 587 626 adiungitur,
607 562 644 606 eo
664 551 774 606 tamen
789 541 1046 607 monochordum
1070 539 1236 607 velociore
1260 543 1376 608 eeleri-

195 657 263 712 tate
286 649 504 733 componitur,
528 647 589 712 hoc
613 647 723 712 modo:
748 670 823 711 eum
846 648 991 733 primum
1015 643 1079 712 al*
1104 649 1148 713 ad
1172 648 1274 713 finem
1297 672 1372 735 pas·

196 777 250 819 sus
269 777 398 838 novem,
416 753 451 818 id
470 764 529 837 est,
542 753 723 839 particulas
736 754 847 836 facies,
864 755 990 839 primus
1007 778 1123 842 passus
1138 756 1376 821 terminabitur

196 863 230 935 in
254 861 299 946 A,
322 859 485 926 secundus
518 870 637 924 vacat:
662 861 779 924 tertius
803 861 837 924 in
861 861 907 938 D,
932 872 1069 946 quartus
1105 873 1212 945 vacat,
1238 864 1377 949 quintus

196 1016 231 1079 in
246 1038 279 1092 a,
297 1022 409 1078 sextus
425 1015 461 1076 in
474 1013 505 1097 cl,
524 1012 680 1098 septimus
697 1014 732 1077 in
743 991 778 1120 Z:
792 1013 910 1099 reliqui
933 1025 1064 1079 vacant.
1081 1014 1166 1101 Item
1183 1036 1260 1078 oum
1277 1014 1321 1078 ab
1341 1014 1372 1078 A

195 1188 298 1252 usque
321 1165 485 1230 adfinem
509 1165 645 1229 novenis
670 1162 817 1250 passibus
841 1165 989 1250 partiris,
1011 1167 1136 1251 primus
1160 1188 1278 1251 passus
1308 1177 1373 1231 ter-

195 1270 378 1336 minabitur
400 1273 434 1336 in
458 1271 501 1348 B,
526 1270 687 1336 secundus
711 1280 823 1335 vacat:
844 1273 961 1337 tertius
981 1274 1016 1337 in
1038 1273 1237 1359 E‚qua1·tus
1257 1284 1371 1338 vacat:

196 1426 329 1510 quintus
353 1424 387 1487 in
410 1423 432 1507 b,
456 1434 569 1490 sextus
600 1425 635 1487 in
659 1446 686 1500 e,
710 1426 868 1510 septimus
897 1425 931 1489 in
955 1379 980 1551 ξε
1000 1425 1120 1510 reliqui
1141 1434 1274 1489 vacant.
1286 1425 1371 1489 Item

194 1597 270 1639 oum
293 1598 312 1638 a
334 1576 360 1645 Γ
386 1573 429 1638 ad
452 1573 551 1639 finem
576 1578 746 1661 quaternis
770 1576 903 1659 dividis,
928 1578 1054 1663 primus
1077 1599 1192 1664 passus
1211 1579 1381 1642 termina—

193 1682 283 1748 bitur
303 1685 337 1746 in
359 1680 398 1760 0,
415 1683 579 1747 secundus
595 1684 629 1748 in
650 1683 690 1771 G,
707 1687 824 1749 tertius
844 1685 879 1749 in
896 1708 929 1771 q,
941 1696 1081 1771 quartus
1096 1685 1181 1751 finit.
1202 1684 1234 1750 A
1257 1683 1286 1750 C
1295 1709 1441 1751 vero-

194 1789 238 1853 ad
256 1789 355 1854 finem
374 1789 526 1866 similiter
542 1800 683 1876 quatuor
701 1813 866 1876 passuum,
883 1793 1012 1878 primus
1031 1791 1269 1857 terminabitur
1286 1795 1319 1858 in
1336 1794 1451 1877 ΕΡ..

194 1941 357 2006 secundus
377 1942 411 2005 in
437 1964 463 2023 o,
494 1942 610 2006 tertius
630 1943 666 2006 in
696 1923 728 2051 ἓ,
752 1952 890 2029 quartus
913 1942 997 2007 finit.
1021 1943 1075 2008 Ab
1094 1945 1219 2009 Fvero
1243 1956 1460 2032 quater‘

195 2118 312 2160 norum
331 2117 488 2182 passuum
507 2095 632 2182 primus
655 2093 890 2159 terminabitur
910 2095 944 2158 in
962 2095 980 2157 b
998 2095 1188 2177 rotundum,
1208 2095 1467 2160 secundus&

194 2205 229 2267 in
245 2202 277 2287 f,
302 2203 418 2267 tertius
434 2203 470 2266 in
490 2226 506 2265 o
527 2203 574 2284 (l)
593 2200 626 2266 A
642 2202 660 2264 b
683 2224 761 2266 vero
786 2201 928 2266 rotunda
944 2211 1084 2289 quatuor
1103 2224 1260 2287 passuum
1274 2203 1310 2267 in
1326 2224 1466 2267 se--··

194 2354 300 2420 cundo
334 2356 484 2418 invenies
507 2311 519 2482 Ξ
541 2353 661 2439 reliqui
686 2364 815 2419 vacant.
839 2353 894 2418 Ab
923 2333 1048 2462 Zvero
1071 2364 1270 2440 superacuta
1294 2376 1470 2440 qua-‘-

843 2505 865 2568 cl

197 2562 272 2616 tuor
294 2571 460 2637 passuum,
486 2551 521 2614 in
544 2553 651 2635 primo
675 2551 824 2615 invenies
844 2574 887 2658 d:
908 2550 1028 2637 reliqui
1045 2560 1175 2614 vacant.
1196 2551 1242 2614 Et
1262 2550 1303 2614 de
1324 2550 1465 2614 ‹li-2

194 2700 427 2789 spositionibus
450 2700 499 2765 hii
514 2700 578 2766 duo
602 2700 792 2785 regularum
811 2680 899 2765 modi
919 2701 1097 2784 sufficiant,
1119 2724 1258 2787 quorum
1278 2724 1462 2788 supe-‘-

195 2810 263 2874 rior
285 2800 421 2895 quidem
438 2807 554 2873 modus
573 2808 616 2872 ad
633 2807 883 2873 memorandum
899 2808 1086 2873 facillimus.
1101 2808 1166 2873 Hie
1180 2831 1261 2873 vero
1280 2818 1458 2873 extat:-

194 2914 238 2980 ad
261 2912 450 2978 faciendum
474 2914 676 2979 celerrimus.
701 2915 741 2979 In
766 2913 979 3001 sequentibus
1002 2937 1081 2980 vero
1101 2937 1213 2980 omnes
1234 2915 1370 2981 divisio·
1416 2942 1452 2952 Λ

195 3044 273 3086 num
297 3020 385 3085 modi
409 3022 443 3085 in
467 3020 561 3085 brevi
584 3020 758 3106 patebunt.

667 3339 818 3407 CAPUT
846 3340 897 3404 IV

322 3484 439 3575 uulnus
462 3523 522 3567 SEX
544 3523 644 3567 neuls
666 3522 730 3566 SIBI
754 3520 898 3565 INVIOEM
921 3519 1023 3574 VOEES
1047 3516 1245 3565 quuauunn

239 3716 417 3801 Dispositis
441 3717 553 3800 itaque
577 3714 713 3780 vocibus
736 3715 823 3779 inter
847 3735 961 3778 vocem
978 3709 1144 3796 finenem,
1160 3712 1245 3778 alias
1265 3715 1367 3778 maius

195 3823 336 3908 spatium
359 3823 516 3905 cernitur,
540 3830 578 3885 ut
601 3822 688 3885 inter
710 3822 736 3891 Γ
762 3821 789 3884 fir
814 3818 857 3904 A,
881 3821 909 3883 fi
933 3821 1018 3883 inter
1042 3818 1072 3882 A
1093 3819 1122 3883 fir
1141 3819 1184 3898 B,
1205 3819 1286 3885 alias
1311 3820 1364 3884 mi·

230 4139 269 4209 (1)
288 4138 354 4193 Mes.
369 4138 440 4193 Onu.
455 4139 484 4199 &
494 4139 568 4192 Anu.
581 4138 605 4191 A
617 4140 633 4192 b
646 4136 714 4194 item
727 4137 850 4194 rotunda
863 4136 899 4190 ad
914 4136 998 4192 finem
1009 4136 1127 4192 duorum
1142 4151 1278 4204 passuum
1293 4135 1365 4207 prior

193 4242 359 4300 terminabit
386 4212 423 4335 ἓ,
442 4244 582 4300 seeundus
600 4243 674 4300 finit
693 4246 717 4299 A
736 4246 754 4299 d
772 4262 838 4301 vero
857 4245 894 4299 ad
911 4243 998 4299 finem
1016 4244 1134 4298 duorum
1147 4241 1281 4299 similiter
1304 4260 1362 4313 pas-

195 4404 285 4458 suum,
300 4386 375 4460 prior
395 4387 561 4445 terminabit
578 4352 651 4477 ing,
665 4387 807 4442 secundus
825 4384 901 4441 finit.
