3120 5144
505 404 618 460 GUIDO
637 404 796 459 ARETINO

482 553 563 613 Justi
584 556 680 613 autem
703 553 768 628 ipsi.

478 652 585 712 Saulus
606 655 704 712 autem
726 657 863 712 tremens.

302 1215 401 1275 Gloria
652 1216 813 1276 soculorum
1039 1237 1132 1276 amen.

60 1357 96 1415 In
116 1357 235 1416 domum
256 1356 382 1415 Domini.
440 1368 442 1371 ’
672 1359 708 1418 In
728 1359 884 1419 mandatis.

62 1453 184 1514 Fidelia.
671 1457 737 1515 Nisi
759 1457 923 1535 diligenter.

61 1555 87 1610 A
109 1552 173 1612 viro
195 1553 305 1630 iniquo.
795 1552 797 1558 ’

573 2123 731 2181 ssoulorum

63 2259 145 2335 Syon
164 2261 226 2319 noli
246 2261 371 2321 tardere.
426 2318 427 2321 ,
673 2265 697 2325 0
719 2284 797 2324 mors
817 2286 876 2326 ero.

61 2358 143 2418 Vade
161 2361 225 2454 jam
246 2362 276 2418 et
297 2361 366 2419 noli.
672 2364 778 2423 Faetus
799 2384 865 2425 snm
886 2366 972 2439 sieut,

284 2927 384 2986 Gloria
613 2931 778 2990 seculorum
1000 2950 1093 2992 amen.

484 3085 634 3162 Diligebat
654 3089 762 3145 aulem.

485 3181 580 3241 Homo
601 3186 664 3242 erat

244 3280 256 3290 ”
363 3352 365 3356 p
482 3281 569 3341 Pater
589 3284 714 3357 peooavi.

103 3442 181 3501 Hine
209 3441 340 3519 proprias
366 3442 455 3517 hujus
475 3443 561 3520 plage
582 3442 722 3502 formulas
736 3447 775 3503 et
797 3445 853 3502 alie
875 3442 1080 3504 deseribuntur
1102 3465 1157 3521 que
1178 3448 1244 3507 nul·

61 3544 176 3601 latenus
196 3541 288 3617 hujus
308 3559 369 3600 esse
389 3543 521 3616 possunt,
542 3541 593 3600 sed
613 3543 682 3600 sunt
708 3543 822 3600 autenti
842 3541 977 3615 tetrardi,
1000 3562 1072 3620 quas
1093 3544 1118 3602 si
1139 3544 1169 3603 in
1189 3545 1244 3605 hoo

62 3640 149 3699 modo
169 3640 344 3717 subiungere
365 3638 446 3710 valis,
467 3640 524 3699 erit
544 3640 612 3699 talis
634 3657 713 3698 error
734 3643 773 3701 ul
791 3642 853 3716 ejus
874 3641 970 3700 finalis
990 3659 1046 3702 vox
1067 3642 1106 3702 sit
1134 3647 1156 3699 Α
1185 3662 1245 3718 qna

61 3747 165 3815 protus
185 3738 306 3815 regitur.
327 3738 371 3795 Ao
393 3737 511 3796 demum
533 3737 629 3814 ipsum
652 3743 675 3794 A
694 3739 848 3798 semitonio
864 3740 1007 3813 elevatur,
1029 3761 1087 3816 que
1107 3743 1177 3800 tono
1199 3761 1245 3799 re·

61 3837 204 3915 galeriter
233 3836 411 3896 elevabatur.
443 3835 629 3912 Quapropter
659 3854 712 3895 neo
740 3838 892 3913 pervolent
920 3856 982 3897 esse
1013 3840 1099 3916 plage
1130 3839 1246 3898 deuteri

62 3937 182 4012 propter
194 3934 378 4010 supradictas
402 3951 512 3993 oerrsas.
535 3933 591 3992 Sed
605 3937 673 3993 sunt
687 3935 818 4010 quidam,
838 3937 890 4010 qui
911 3954 958 3994 eas
978 3937 1057 4012 proli
1078 3937 1164 4014 plage
1186 3955 1246 3996 esse

63 4036 186 4110 putant3
207 4032 258 4092 sed
278 4051 335 4091 non
355 4034 433 4102 sunt,
451 4032 522 4107 quia
535 4032 693 4090 seeundum
707 4033 854 4092 usualium
869 4037 1010 4092 cantuum
1024 4035 1245 4094 attestationem

62 4131 243 4208 perhibetur,
265 4129 385 4188 minime
405 4130 501 4207 plagis
530 4132 633 4204 protus
654 4148 742 4207 snper
769 4131 888 4190 tertiam
910 4153 927 4189 a
948 4131 1029 4190 finali
1051 4150 1119 4192 vooe
1140 4133 1246 4192 distin·

63 4231 174 4290 stiones
194 4229 308 4307 recipit,
330 4229 445 4289 inistis
466 4229 634 4305 antiphonis
656 4230 865 4304 prevarioalur.
887 4230 1011 4307 Propter
1027 4231 1247 4292 dissolutionem

63 4347 134 4405 ergo
161 4327 384 4386 distinctionum
406 4330 436 4386 et
457 4326 610 4386 modorum
641 4327 671 4384 in
702 4328 822 4387 vocibus
850 4330 1099 4404 pronutiationem
1128 4330 1247 4391 minima

64 4429 199 4500 utrisque
219 4425 384 4485 conferetur
404 4425 516 4501 plagin
537 4426 586 4484 sed
609 4429 731 4486 autento
752 4426 882 4485 tetrardo
906 4427 1002 4503 aptius
1022 4427 1217 4504 coaptabitur.
