3120 5144
505 423 615 479 GUIDO
635 423 795 479 ARETINO

59 569 189 629 Luciano
209 569 378 630 venerabili.
668 571 738 629 Post
758 587 916 630 excessum.

61 667 228 729 Adoramus
249 671 288 729 te.
670 668 726 728 1110
747 686 863 743 quoque
883 685 970 744 nega.

60 765 243 828 Admirabile
263 770 316 828 ost.
669 765 725 827 Gor
744 765 888 833 mnndum
910 784 983 826 crea.

202 1331 304 1392 Gloria
412 1333 576 1392 seculorum
664 1351 758 1391 amen
828 1332 970 1393 Abimat
957 1337 991 1394 tu
1012 1337 1042 1393 ot
1133 1334 1221 1393 infra.

58 1476 244 1536 Medicinam.
668 1476 726 1547 Qui
746 1496 804 1538 non
828 1478 952 1558 colligit.

56 1579 140 1638 Dixit
159 1579 285 1639 Domino
306 1578 414 1639 villico.
668 1576 753 1637 Vidit
773 1579 908 1654 populos.

58 1679 247 1738 Laurentius,
671 1678 840 1740 Inclinavit.

55 1779 134 1838 Deus
154 1797 201 1837 me
222 1777 304 1837 misit
667 1778 852 1839 Exultabunt
872 1779 1006 1839 Domino.

630 2010 673 2069 IV

159 2351 258 2412 Gloria
358 2352 524 2412 seculorum
607 2370 701 2410 amen
862 2350 968 2410 Petrus
1043 2352 1176 2427 quidem.

54 2502 1244 2645 &W

396 2673 533 2735 Ecclesia.
884 2674 932 2733 Ad
1032 2675 1135 2734 Deum.

55 2814 152 2878 Dicito
174 2818 380 2895 pusillanimis.
673 2819 815 2880 Dominus
836 2821 977 2881 defensor.

57 2919 191 2992 Domina,
213 2914 239 2977 si
258 2920 294 2978 tu
314 2917 368 2977 vis.
672 2918 869 2982 Sebastianus.

59 3016 194 3089 Domine,
216 3035 288 3092 puer
309 3033 399 3075 mous.
673 3018 765 3093 Vade,
787 3018 904 3080 Seiana.

54 3115 188 3188 Domine,
209 3133 269 3173 non
289 3131 357 3173 sum
378 3113 497 3191 dignus.
672 3117 791 3194 Mulier,
810 3120 886 3179 veni.
909 3119 912 3122 ’

54 3214 187 3286 Domine,
208 3215 291 3274 salva
311 3231 373 3272 nos.
670 3215 820 3291 Laznarus,
841 3218 961 3277 amicus.

55 3314 191 3387 Domine,
212 3314 321 3373 bonum
341 3314 394 3372 ast.
667 3313 728 3374 Mel
751 3318 781 3375 et
801 3317 855 3377 lac.

54 3412 187 3486 Domine,
208 3413 233 3471 si
252 3412 300 3471 h'ic
320 3411 431 3471 fuisses.
670 3411 719 3473 Sol
740 3416 769 3473 et
788 3415 869 3475 luna.

53 3511 187 3586 Domine,
208 3511 339 3588 quinque
360 3510 483 3570 talenta.
670 3510 746 3570 Mihi
766 3513 872 3574 vivere.

574 3764 577 3770 '
633 3750 660 3810 V

52 3933 812 3944 .............-...-.-.-.-..-............-..-..
888 3935 940 3941 -..
945 3933 1242 3945 ...—.........-..-......

874 3946 881 3959 Ι

94 3947 100 3960 ι
1082 3972 1180 3979 -ο
1188 3973 1241 3982 -ι-

875 3989 881 4001 ·
1101 3998 1240 4027 4...-

833 4039 1204 4054 —————*——-
1213 4045 1240 4053 >um

194 4091 294 4152 Gloria
425 4095 590 4154 seculorum
651 4115 745 4156 amen.
925 4095 1019 4172 Rogas
1039 4091 1166 4154 Tharsis.

53 4240 148 4316 Reges
168 4239 244 4297 terre
665 4238 741 4299 Volo
764 4241 856 4316 pater.

53 4337 192 4397 Vidimus
211 4335 336 4395 stellam.
665 4336 779 4412 Spiritu
799 4337 964 4417 principali.

53 4435 284 4497 circumdantes.
667 4435 740 4496 Mace
762 4456 829 4496 vere
849 4436 1013 4496 israhelita.
