3120 5144
515 427 628 483 omno
646 426 807 484 ARETINO
1195 427 1244 481 881

118 576 350 660 Proponatquo
374 574 437 639 sibi
460 574 608 639 Musicus
636 573 754 660 quibus
778 597 819 639 ex
844 573 894 639 his
918 571 1136 639 divisionibus
1159 574 1247 639 ince-

83 682 206 746 dentem
231 680 333 745 faciat
362 691 507 763 cantum,
531 682 616 745 sicut
639 681 808 763 Metricos,
832 681 952 768 quibus
969 680 1118 766 ,pedibus
1146 679 1248 745 faciat

28 867 37 877 ·
82 811 222 869 versum3
246 789 311 852 nisi
334 788 421 873 quod
444 787 591 852 Musious
609 809 674 853 non
692 810 726 852 ss
745 797 839 853 tanta
857 788 940 873 legis
960 789 1153 855 necessitate
1171 809 1246 851 con·

80 897 218 980 stringit,
243 896 320 980 quia
351 896 386 958 in
415 894 567 959 omnibus
590 917 624 959 se
648 884 717 959 liaeo
741 917 796 959 ars
827 896 861 958 in
884 916 1000 959 vocum
1034 893 1247 979 dispositione
1309 944 1312 949 .

80 1001 265 1066 rationabili
289 1004 450 1066 varietate
473 1009 638 1087 permutat
657 1003 718 1086 (1).
743 1000 849 1081 Quam
873 1000 1165 1065 rationabilitatem
1185 1001 1245 1064 etsi

81 1131 159 1195 saepe
183 1129 249 1171 non
273 1107 597 1193 comprehendamus,
620 1108 779 1172 rationale
797 1118 908 1172 tamen
933 1107 1078 1171 creditur
1096 1106 1140 1189 id,
1161 1105 1247 1192 quod

80 1238 176 1298 mens,
200 1216 235 1278 in
258 1237 324 1300 qua
347 1225 396 1279 est
420 1217 515 1298 ratio,
539 1214 731 1280 delectatur.
750 1214 815 1280 seu
838 1215 908 1279 haec
928 1213 1157 1278 &huiusmodi
1181 1235 1246 1277 me·

80 1322 136 1387 lius
153 1320 375 1408 'colloquendo
399 1313 497 1406 quani
520 1321 755 1386 conscribendo
779 1330 989 1385 rnostrantur.

119 1418 266 1514 Oportet'
280 1449 367 1512 ergo,
387 1435 424 1492 ut
447 1450 536 1491 more
555 1450 708 1492 versuum
733 1427 980 1493 distinctionem
1003 1426 1146 1514 aequales
1170 1429 1247 1510 sint,

82 1549 101 1606 u
121 1524 318 1621 aliquotiens
336 1535 458 1599 eaedem
477 1536 652 1620 repertitae,
664 1543 731 1598 -aut
745 1534 855 1620 aliqua
874 1535 927 1599 vel
945 1557 1049 1620 parva
1069 1535 1248 1598 mutatione

82 1644 222 1725 variatae,
248 1649 270 1706 e
293 1663 368 1705 cum
387 1643 444 1726 (ἢ
454 1641 568 1727 plures
592 1641 717 1705 fuerint
744 1642 931 1728 duplicatae,
955 1642 1114 1706 habentes
1138 1650 1248 1726 partes

81 1750 261 1814 non-nimis
285 1749 443 1831 diversas,
470 1758 587 1835 &quae
616 1749 812 1834 aliquotiens
845 1750 967 1814 eaedem
999 1750 1249 1813 trasformentur

80 1878 134 1942 per
156 1856 279 1939 modos,
303 1864 362 1920 aut
384 1857 506 1920 similes
534 1858 670 1922 intensae
695 1867 717 1924 e
739 1859 884 1922 remissae
917 1860 1140 1922 inveniantur.
1164 1857 1248 1920 Item

81 1973 115 2028 ut
135 1964 339 2049 reciprocata
362 1985 481 2026 neuma
506 1962 620 2027 eadem
640 1964 705 2046 via,
733 1986 798 2050 qua
817 1974 963 2047 venerat,
991 1964 1171 2048 redactae
1190 1986 1248 2049 per

76 2071 189 2135 eadem
213 2071 352 2154 vestigia
374 2075 533 2137 recurrat.
559 2070 644 2134 Item
667 2080 704 2134 ut
727 2070 858 2157 qualem
878 2071 1038 2136 ambitum
1058 2071 1111 2136 vel
1126 2071 1248 2135 lineam

78 2200 140 2241 una
158 2177 245 2241 tacit
267 2175 413 2241 saliendo
429 2176 471 2240 ab
486 2178 602 2259 acutis,
623 2177 723 2242 talem
743 2178 935 2242 inclinatam
955 2178 1060 2242 altera
1078 2199 1096 2241 e
1114 2179 1247 2261 regione

79 2292 219 2370 opponat
242 2282 468 2368 respondendo
491 2306 512 2347 a
535 2284 704 2367 gravibus,
729 2285 815 2348 sicut
838 2285 891 2368 sit,
915 2306 990 2349 cum
1014 2285 1049 2347 in
1072 2286 1248 2369 puteo'nos
1308 2276 1310 2281 ’

74 2413 149 2456 cum
174 2391 325 2474 imagine
345 2399 457 2455 nostra
480 2401 595 2456 contra
623 2391 841 2477 speculamur.
868 2392 953 2456 Item
983 2390 1158 2477 aliquando
1182 2413 1248 2455 una

76 2497 204 2584 syllaba
227 2519 326 2561 unam
341 2497 396 2562 vel
413 2496 524 2583 plures
544 2497 665 2563 habeat
684 2521 830 2582 neumae,
849 2498 1029 2585 aliquando
1047 2521 1114 2563 una
1130 2521 1249 2563 neuma

74 2604 187 2690 plures
205 2603 376 2669 dividatur
392 2605 426 2669 in
443 2604 600 2690 syllabas.
612 2605 841 2671 Variabuntur
856 2607 905 2671 hae
922 2606 975 2670 vel
987 2627 1097 2671 omnes
1110 2628 1247 2688 neumae,

73 2733 147 2776 cum
172 2711 255 2775 alias
279 2710 321 2774 ab
345 2711 460 2776 eadem
483 2733 565 2776 voce
588 2713 761 2801 incipiant,
785 2712 868 2778 alias
892 2711 932 2777 de
960 2712 1175 2777 dissimilibus
1199 2735 1247 2776 se-

73 2820 219 2884 cundum
251 2820 425 2884 laxationis
449 2821 656 2893 &acuminis
686 2823 799 2886 varias
831 2821 1015 2906 qualitates.
1039 2822 1123 2885 Item
1147 2831 1184 2885 ut
1206 2822 1248 2885 ad

76 2927 291 3012 principalem
314 2948 438 3009 vocem,
464 2926 499 2991 id
522 2935 582 3008 est,
605 2926 748 3011 finalem,
772 2928 825 2992 vel
847 2929 875 2991 si
899 2950 999 3013 quam
1025 2928 1155 2992 affinem
1178 2929 1248 2991 eius

72 3056 131 3120 pro
156 3035 230 3118 ipsa
252 3032 421 3118 elegerint,
441 3055 525 3120 pene
544 3056 654 3099 omnes
678 3016 907 3100 distinctiones
930 3044 1074 3116 currant,
1092 3049 1115 3107 a
1133 3035 1247 3100 eadem

73 3139 252 3225 aliquando
283 3162 359 3221 vox,
385 3162 457 3226 quae
485 3141 640 3205 terminat
662 3162 812 3204 neumas·
830 3164 952 3225 omnes,
977 3142 1030 3206 vel
1053 3143 1175 3229 plures
1199 3143 1248 3206 di-

74 3248 267 3312 stInctiones
291 3245 394 3330 finiat,
414 3246 593 3332 aliquando
611 3259 633 3317 a
649 3248 802 3332 incipiat3
826 3249 912 3313 sicut
931 3248 1019 3334 apud
1037 3247 1249 3314 Ambrosium

72 3355 219 3419 curiosus
243 3355 393 3418 invenire
416 3351 548 3439 poterit.
568 3353 651 3419 Sunt
671 3375 748 3418 vero
769 3355 863 3439 quasi
887 3357 1030 3440 prosaici
1046 3364 1173 3437 cantus,
1191 3358 1248 3442 qui

71 3461 143 3526 haec
167 3461 276 3525 minus
299 3459 486 3543 abservant‚
511 3462 546 3525 in
570 3446 692 3547 quibus
715 3483 780 3526 non
804 3471 853 3526 est
877 3484 974 3544 curae,
998 3463 1026 3526 si
1049 3461 1123 3526 aliae
1148 3463 1248 3527 maio·

73 3590 136 3650 res,
160 3567 233 3632 aliae
257 3569 397 3632 minores
420 3576 530 3655 partes
554 3570 577 3628 d
600 3568 829 3633 distinctiones
857 3591 916 3655 per
939 3569 1012 3632 loca
1035 3571 1105 3633 sine
1128 3569 1246 3633 disere·

73 3676 163 3738 tione
187 3675 401 3738 inveniantur
423 3697 512 3739 more
535 3697 719 3761 prosarum.

116 3781 271 3844 Metricos
291 3791 401 3845 autem
420 3790 537 3847 cantus
556 3782 640 3865 dico,
660 3784 739 3869 qula
759 3805 843 3869 saepe
863 3785 909 3847 ita
929 3783 1085 3865 canimus,
1101 3790 1138 3847 ut
1153 3786 1248 3869 quasi

72 3919 187 3961 versus
210 3897 352 3982 pedibus
375 3899 533 3963 scandere
556 3899 737 3981 videamur,
762 3900 847 3963 sicut
869 3897 918 3982 fit,
942 3921 1017 3962 cum
1048 3901 1119 3984 Ipsa
1142 3907 1248 3965 metra

71 4005 229 4085 canimusr,
255 4004 289 4068 in
314 4004 433 4090 quibus
457 4006 642 4070 cavendum
670 4015 718 4070 est
747 4028 788 4096 ne
812 4005 1248 4092 superfluae-continuentur

72 4132 198 4175 neumae
222 4109 412 4196 dissyllabae
436 4113 505 4176 sInc
530 4113 735 4177 admixtione
760 4112 1008 4199 trisyllabarum
1032 4135 1070 4177 ac
1095 4115 1248 4201 tetrasyl-

109 4361 149 4429 (l)
171 4351 252 4428 OTTss,
270 4357 382 4427 misceri
400 4359 552 4432 permittit.

29 4457 32 4461 ’
108 4450 149 4519 (2)
171 4450 230 4519 Aa,
250 4451 400 4519 perpulcre
419 4449 535 4506 fuerint.
