3120 5144
90 1349 200 1420 ITEM
224 1315 351 1420 dLIAE
371 1348 594 1424 GUIDONIS
614 1349 815 1424 REGULAE
840 1347 1089 1422 DEIGNOTO
1109 1347 1262 1423 CANTU

222 1566 402 1616 lllllll'llllllll
421 1566 455 1615 IN
475 1567 704 1617 lurlrnoulun
724 1567 774 1618 SUI
792 1565 959 1616 PROLOGUM
977 1564 1126 1614 Pnoutrn

571 1747 782 1756 —..-—-—--

103 2098 104 2101 ¹
134 2062 351 2149 Temporibus
374 2065 494 2129 nostris
516 2087 615 2151 super
638 2087 749 2129 omnes
773 2061 921 2126 homines
944 2061 1029 2125 fatui
1052 2070 1128 2125 sunt
1152 2070 1263 2124 canto-

73 2192 158 2255 τρες
183 2174 217 2237 in
237 2173 324 2236 omni
343 2174 429 2236 enim
453 2181 524 2236 arte
541 2173 638 2238 valde
653 2173 751 2258 plura
766 2180 852 2251 sunt,
873 2193 945 2256 quac
969 2180 1078 2235 nostro
1098 2192 1193 2233 sensu
1210 2190 1263 2232 co·

72 2281 287 2367 gnoscimus‚
300 2302 406 2366 quam
430 2302 479 2362 ea,
497 2301 568 2365 quae
591 2303 611 2344 a
631 2281 786 2364 magistro
803 2278 989 2343 didicimus.
1008 2275 1156 2340 Perlectc
1176 2275 1263 2338 enim

68 2389 156 2453 *solo
180 2386 335 2473 psalterio
366 2388 511 2451 omnium
534 2386 695 2450 librorum
719 2386 874 2450 lectiones
897 2393 1100 2469 cognoscunt
1122 2381 1261 2469 pueruli,

77 2497 115 2560 <b
141 2494 349 2579 agriculturae
378 2495 550 2557 scientiam
580 2491 689 2557 subito
717 2491 909 2576 intelligunt
939 2491 1062 2554 rustici.
1086 2488 1151 2568 Qui
1175 2490 1262 2552 enim

74 2623 190 2667 unam
204 2603 335 2665 vincam
350 2611 478 2687 putare,
498 2625 599 2666 unam
615 2589 826 2665 arbusculam
842 2603 997 2680 inserere,
1015 2621 1119 2663 unum
1135 2600 1262 2661 asinum

72 2731 226 2776 onerare
256 2710 456 2793 cognoverit,
481 2711 567 2772 sicut
596 2711 631 2772 in
655 2731 719 2772 uno
743 2706 832 2791 facit,
863 2710 896 2770 in
922 2705 1074 2771 omnibus
1100 2705 1261 2786 similiter,

73 2826 147 2882 aut
171 2817 270 2881 etiam
293 2816 408 2880 melius
432 2815 541 2879 facere
564 2839 629 2879 non
656 2814 832 2879 dubitabit.
856 2813 1028 2878 lllirabiles
1052 2822 1163 2876 autem
1186 2833 1263 2874 can·

77 2936 175 2989 tores
199 2923 228 2986 dr
250 2929 421 2986 cantorum
439 2920 593 3007 discipuli
610 2922 739 2986 etiamsi
756 2943 815 3006 per
834 2929 967 2984 centum
990 2942 1093 2983 annos
1116 2916 1263 3003 quotidie

77 3038 235 3110 cantent,
256 3050 435 3113 numquam
453 3049 513 3113 per
532 3050 566 3091 se
590 3030 660 3091 sine
681 3031 838 3114 magistro
857 3050 958 3092 unam
981 3026 1035 3090 vel
1057 3025 1175 3091 saltem
1190 3048 1263 3111 par·

82 3137 204 3201 vulam
222 3134 435 3220 antiphonam
451 3135 644 3217 cantabunt,
662 3145 791 3199 tantum
811 3145 938 3221 tempus
956 3135 991 3198 in
1009 3132 1174 3199 cantando
1191 3154 1264 3218 per-

84 3243 205 3307 dentes
228 3243 263 3305 in
282 3245 410 3328 'quanto
434 3242 463 3305 dr
486 3241 685 3306 divinam&
713 3242 895 3306 secularem
919 3242 1117 3327 scripturam
1141 3239 1264 3325 potuis·

85 3359 162 3414 sent
185 3348 281 3434 plene
304 3371 510 3433 cognoscere.
539 3383 541 3387 ·

133 3457 180 3520 Et
203 3455 289 3541 quod
321 3457 553 3541 superomnia
580 3455 667 3519 mala
698 3457 803 3541 magis
831 3466 881 3520 est
911 3453 1140 3542 periculosum,
1168 3451 1264 3516 multi
1363 3494 1366 3498 -

89 3564 233 3647 religiosi
257 3562 383 3627 ordinis
406 3563 516 3626 clerici
540 3563 568 3626 dc
590 3563 744 3626 monachi
768 3563 909 3649 psalmos
928 3562 955 3625 dc
974 3583 1084 3625 sacras
1108 3560 1264 3624 lectiones

90 3672 116 3736 dc
135 3680 315 3735 nocturnas
330 3691 405 3733 cum
420 3671 564 3754 puritate
583 3667 726 3753 vigilias,
747 3669 774 3732 dc
790 3668 917 3754 reliqua
932 3669 1064 3754 pictatis
1080 3689 1188 3753 opera,
1204 3688 1264 3752 per

89 3778 234 3864 quae'ad
252 3779 486 3862 sempiternam
516 3777 654 3862 gloriam
678 3799 898 3862 provocamur
921 3778 949 3842 Sc
973 3777 1134 3858 ducimur,
1159 3775 1265 3860 negli-

88 3875 189 3971 gunt}
214 3885 292 3949 dum
316 3884 473 3949 cantandi
493 3886 675 3967 scientiam,
696 3907 795 3970 quam
819 3887 974 3971 consequi
993 3904 1173 3970 numquam
1192 3905 1265 3968 pos·

89 3988 174 4075 sunt,
198 3991 311 4056 labore
334 3991 466 4055 assiduo
489 3992 517 4055 dn
540 3991 734 4057 stultissimo
754 4001 1005 4078 persequuntur.

103 4084 104 4087 Ἴ
132 4098 222 4163 Illud
242 4119 370 4183 quoque
387 4099 457 4184 quis
481 4121 545 4163 non
562 4085 691 4179 defleat,
712 4099 800 4184 quod
824 4106 892 4163 tam
916 4100 1028 4184 gravis
1048 4121 1138 4162 error
1161 4108 1210 4163 est
1230 4100 1264 4162 in

86 4215 203 4270 sancta
227 4205 386 4294 Ecclesia,
411 4214 544 4291 tamque
560 4205 744 4292 periculosa
763 4205 939 4293 discordia,
962 4216 1000 4270 ut
1023 4205 1156 4292 quando
1180 4206 1265 4269 divi·

87 4329 166 4380 n'nm
182 4315 333 4379 officium
357 4314 569 4396 celebramus,
594 4337 677 4400 saepe
705 4337 771 4378 non
795 4314 903 4377 Deum
927 4313 1074 4394 laudare,
1098 4313 1156 4379 scd
1179 4316 1265 4378 inter

86 4447 151 4488 nos>
170 4424 298 4487 certare
322 4422 505 4487 videamur.
530 4422 600 4486 Vix
621 4421 760 4508 deniquo
776 4444 860 4486 uuus
874 4420 1053 4486 concordat
1076 4421 1182 4503 alteri,
1198 4419 1264 4485 non
