3120 5144
324 411 377 466 400
761 413 874 470 GUIDO
893 414 1054 470 ARETINO

368 558 433 624 Sed
458 559 619 645 Gregorio
643 582 709 624 non
733 560 842 647 placet
864 561 957 624 Patri
983 560 1053 625 haeo
1076 559 1225 625 lascivia.

369 666 415 731 At
439 666 586 731 moderni
610 668 775 754 sapientes
798 666 884 732 hanc
907 690 1013 753 neque
1036 676 1307 733 commemorant.

369 771 529 852 Quamvis
553 795 629 858 ergo
653 773 741 860 apud
766 773 924 860 quosdam
949 775 1021 860 ipsa
1045 774 1102 838 fiat
1127 774 1258 858 vocula,

370 880 470 967 Apud
494 881 610 945 multos
634 890 754 945 tamem
778 882 849 944 iure
873 881 994 944 dicitur
1018 879 1194 967 superflua.

370 987 486 1053 Altera
510 1011 588 1053 vero
612 989 756 1053 secunda
778 1010 906 1073 semper
931 997 980 1053 est
1004 988 1208 1053 authentica.

370 1095 456 1160 Nota
479 1103 584 1177 caute,
609 1117 721 1160 omnes
744 1097 815 1160 toni
839 1117 956 1160 novem
980 1095 1063 1160 fiunt
1086 1095 1248 1181 passibus,

371 1203 585 1266 Diatessaron
611 1204 790 1287 quaternis,
815 1205 902 1267 siout
925 1225 1025 1288 supra
1049 1203 1201 1286 diximus,

370 1309 536 1394 Diaponte
560 1330 688 1395 semper
711 1308 828 1388 tribus,
854 1309 1024 1395 Diapason
1050 1309 1187 1374 duobus.

370 1416 438 1480 Isto
462 1414 556 1480 modo
579 1415 834 1480 monochordum
859 1415 953 1480 facile
977 1426 1027 1482 est
1048 1417 1131 1482 fieri.

371 1522 417 1587 At
440 1525 469 1587 si
493 1522 647 1608 cymbala
670 1522 855 1587 formantur
877 1524 1075 1589 musicorum
1099 1547 1210 1611 opere,

370 1629 431 1694 Hae
456 1652 615 1695 mensurae
638 1638 715 1694 sunt
741 1631 896 1695 cavendae
920 1633 1066 1695 maxime
1090 1633 1123 1695 in
1147 1632 1296 1717 pondere

260 1768 265 1777 ·
371 1736 434 1801 His
458 1737 618 1800 mensuris
642 1746 875 1822 comparantur
898 1737 928 1798 &
951 1759 1073 1802 canora
1096 1761 1231 1824 organa,

371 1842 416 1906 Et
440 1864 653 1928 quaecumque
677 1845 740 1906 rite
763 1842 848 1908 fiunt
873 1845 1070 1909 musicorum
1094 1846 1240 1910 vascula.

372 1948 433 2013 His
456 1949 618 2013 mensuris
645 1949 713 2012 Deo
738 1951 827 2013 canit
852 1958 919 2013 tota
943 1973 1031 2014 nuno
1056 1951 1205 2016 ecclesia.

417 2054 534 2119 Omnis
559 2077 626 2120 vox
649 2056 800 2120 secundae
823 2055 887 2120 sibi
913 2058 1061 2139 iungitur
1084 2057 1114 2117 &
1137 2059 1251 2139 tertiae,

372 2159 505 2241 Quarta
530 2183 607 2225 vero
631 2171 729 2247 atque
753 2163 875 2246 quintae
899 2184 964 2226 non
989 2165 1172 2249 iunguntur
1195 2163 1305 2248 alitor,

371 2269 443 2333 Nisi
468 2268 671 2333 diatessaron
696 2270 740 2333 sit
763 2268 810 2332 ibi
836 2267 887 2332 vel
913 2268 1081 2354 diapente.

372 2376 463 2440 Tono
488 2377 700 2440 semitoniove
724 2398 790 2440 vox
814 2374 966 2440 secundae
991 2369 1149 2460 iungitur,

371 2483 514 2546 Ditonus
538 2505 615 2546 vero
639 2481 907 2547 &semiditonus
931 2483 1116 2548 vocabitur.

373 2589 408 2654 si
433 2611 497 2674 qua
520 2611 598 2653 vero
622 2611 689 2653 vox
712 2588 801 2653 ultra
825 2588 1003 2653 secundam
1028 2591 1161 2654 tertiam
1185 2592 1393 2676 adgreditur,

373 2695 587 2761 Diatessaron
604 2693 760 2777 babetur,
785 2718 859 2760 cum
882 2695 925 2759 ad
949 2705 1101 2782 quartam
1124 2698 1292 2782 graditur3

373 2804 537 2891 Diapente
560 2804 760 2885 nominatur,
786 2803 908 2889 quintae
931 2825 1006 2867 oum
1030 2805 1254 2889 coniungitur.

374 2913 446 2976 Nisi
471 2909 612 2975 motibus
636 2910 687 2975 his
711 2911 797 2973 senis
820 2909 912 2974 nulla
937 2932 1003 2975 vox
1026 2910 1224 2975 movebitur.

373 3018 490 3083 Omnis
514 3040 591 3104 ergo
615 3018 779 3082 cantilena
802 3018 881 3102 quia
905 3016 955 3081 his
980 3017 1129 3102 efficitur,

372 3126 489 3190 Moneo
512 3134 555 3209 te,
579 3125 723 3210 prudens
747 3135 872 3212 cantor,
897 3124 955 3189 hos
978 3125 1125 3211 perfecte
1150 3125 1293 3190 dissere:

373 3234 458 3298 Nam
482 3235 537 3318 qui
560 3232 618 3297 hos
642 3232 736 3318 plene
760 3234 937 3316 cognoscit,
962 3232 1010 3296 nil
1034 3234 1067 3295 in
1092 3242 1191 3297 cantu
1216 3232 1362 3298 dubitat.

418 3340 499 3421 Quae
523 3362 619 3404 voces
644 3339 770 3403 elevari
793 3338 848 3403 vol
871 3340 1008 3424 gravari
1032 3340 1168 3424 possint.

373 3446 463 3532 Ergo
487 3455 605 3532 quater
630 3445 753 3510 elevari
777 3445 830 3509 vel
854 3446 988 3530 gravari
1012 3454 1168 3530 poterunt

374 3554 497 3634 Prima,
524 3553 622 3618 tertia
648 3552 678 3612 &
701 3561 829 3637 quarta,
856 3553 972 3638 quinta
995 3562 1094 3636 atque
1118 3553 1278 3636 septima3

374 3659 483 3725 Sextae
507 3682 584 3724 vero
609 3659 637 3723 da
660 3657 811 3723 secundae
835 3680 901 3722 non
925 3666 974 3722 est
996 3656 1067 3722 haec
1090 3657 1236 3722 licentia.

373 3767 457 3830 Nam
482 3765 626 3830 secunda
650 3765 694 3829 ad
717 3764 934 3850 subquartam
957 3766 1089 3829 minime
1112 3751 1321 3848 gravabitur,

374 3873 485 3960 Atque
509 3895 612 3958 usque
636 3893 734 3957 super
758 3873 908 3956 quintam
931 3893 1111 3957 numquam
1135 3870 1333 3963 elevabitur.

374 3981 608 4066 Superquartae
631 3984 661 4044 ἃ
684 3977 869 4064 subquintae
893 3987 987 4042 sexta
1009 3999 1076 4043 non
1100 3978 1325 4061 coniungitur.

696 4161 758 4223 Da
770 4181 880 4222 vocum
903 4157 1138 4221 discriminibus

376 4302 556 4367 Semitonia
579 4307 609 4367 dr
632 4303 712 4383 toni,
737 4302 815 4387 quia
840 4300 1043 4364 dissimiliter

374 4409 507 4496 Septem
529 4410 618 4473 sonis
642 4416 848 4493 coaptantur,
873 4415 996 4493 septem
1019 4414 1097 4470 sunt
1121 4404 1325 4488 discrimina,
