3120 5144
520 383 635 440 rnomo
655 368 836 438 nnsrrno'
1210 383 1263 436 ris
1370 436 1373 441 ,
1487 367 1490 380 ”

78 545 205 605 rumque
225 529 399 606 positionem
420 530 586 592 intuentes:
609 534 656 592 vel
674 532 783 593 idoiroo
804 550 851 592 eas
873 532 987 592 deuteri
1008 531 1121 593 faciunt
1140 524 1274 609 quidam

78 627 255 703 quibusdam
278 635 313 701 D,
332 636 367 704 B,
386 633 463 690 Fet
490 633 513 688 θ
533 631 634 691 finales
649 633 808 691 constitute
829 633 860 691 in
880 633 1016 691 omnibus
1029 631 1147 712 omnino
1168 631 1266 690 modis

79 743 185 786 vocum
206 727 299 803 tropis
320 728 520 789 indifferenter
538 732 569 788 et
589 728 752 806 improvide
773 729 841 790 sint.

651 915 692 974 IV

231 1251 330 1310 Gloria
451 1253 614 1311 seculorum
717 1273 811 1312 amen.

77 1401 200 1472 Quande
219 1404 307 1461 natus
328 1405 380 1462 est.
689 1404 822 1463 Pretiosa
841 1407 922 1464 sunt.

77 1499 136 1570 Qui
156 1500 192 1560 de
212 1503 292 1560 terra
313 1505 365 1561 est.
690 1502 775 1562 Vidit
793 1502 887 1579 igitur
908 1503 974 1562 assi.

76 1599 172 1670 Quare
193 1598 347 1659 detraxisti
689 1600 796 1662 Geoilia
816 1602 937 1661 famula.

78 1699 153 1756 Dum
176 1699 391 1773 oomplerentur
690 1699 752 1758 Heo
773 1703 894 1776 estque
916 1718 975 1759 nes.

77 1795 187 1855 Beatus
208 1796 256 1855 vir
276 1796 329 1872 qui
348 1797 421 1875 lege.
687 1797 760 1858 Cum
782 1798 910 1858 audisset
930 1799 1046 1858 Petrus.

300 2320 400 2408 Gloria
588 2323 753 2382 seculorum
983 2339 1076 2387 amen.

375 2474 498 2534 Domine
519 2476 649 2552 probasti
670 2495 725 2535 me.

380 2572 486 2634 Omnia
507 2593 697 2650 quecumque.

376 2671 469 2742 Quem
489 2674 520 2731 in
542 2675 683 2732 eternum.

548 2890 580 2930 ln
601 2889 783 2931 inraol'rmos

658 3015 673 3073 1

72 3190 816 3321 HQ*-
821 3189 1260 3307 “’“””-““““ἿΞ
1314 3285 1316 3288 γ
1375 3205 1379 3211 ’

200 3353 301 3413 Gloria
354 3354 519 3413 seculorum
594 3371 688 3412 amen.
790 3351 1004 3427 Loquetur¹
1081 3351 1223 3409 Dominus

72 3498 186 3558 Timete
209 3497 377 3557 Dominum.
436 3537 440 3543 -
685 3494 839 3554 Liborator
860 3512 953 3552 meus.

74 3597 221 3673 Dispersit
243 3595 330 3655 dedit.
683 3592 866 3668 Omniaque
889 3591 995 3651 feoiati.

73 3695 226 3756 Benedioit
247 3695 416 3754 Dominum
684 3692 842 3752 Victricem
864 3711 992 3771 manum.

75 3794 142 3853 Tibi
163 3794 237 3853 dinit
257 3812 306 3853 cor
326 3813 433 3854 meum.
512 3854 514 3856 ,
687 3792 781 3852 Intret
801 3792 905 3852 oratio.

73 3893 108 3950 In
128 3893 188 3952 Deo
211 3891 346 3952 landabo.
684 3890 797 3950 Caritas
819 3891 875 3950 dei.

693 4245 1260 4265 u-—h——n-—-——-———-—-——

238 4416 336 4477 Gloria
383 4473 386 4483 ,
464 4416 631 4476 seculorum
854 4435 947 4475 amen.
1095 4481 1097 4485 .

163 4548 196 4590 ³0.
211 4570 237 4578 -
251 4547 351 4598 Baiani,
363 4545 440 4589 auido
451 4544 547 4587 Aricino
