3120 5144
198 1306 422 1380 EPISTOLA
446 1306 668 1382 GUIDONIS
692 1307 920 1381 MIGHAELI
941 1308 1161 1383 MONAGHO

417 1532 465 1587 ΒΕ
485 1531 621 1589 IGNOTO
640 1530 764 1588 CANTU
782 1530 942 1587 ornnem
1046 1548 1053 1554 ·

134 2067 331 2132 Beatissimo
354 2075 453 2152 atque
477 2065 665 2131 dulcissimo
688 2068 784 2132 Frati
802 2066 961 2131 Michaeli
981 2066 1101 2149 Guido,
1125 2090 1184 2153 per
1208 2091 1266 2133 an·

77 2173 215 2239 fractus
238 2173 357 2238 multos
380 2173 526 2237 deiectus
545 2176 574 2235 &
593 2182 720 2238 suetus.
744 2172 813 2238 Aut
832 2173 915 2238 dura
935 2183 1011 2237 sunt
1030 2183 1188 2260 tempora,
1208 2183 1266 2239 aut

78 2282 212 2346 divinae
235 2280 459 2367 dispositionis
479 2279 619 2345 obseura
639 2279 841 2363 discrimina,
863 2280 942 2345 dum
961 2280 991 2339 &
1012 2276 1185 2345 veritatem
1199 2280 1266 2354 ,fal-

82 2386 188 2470 laoia,
208 2388 238 2448 ἃ
256 2386 453 2453 charitatem
472 2409 557 2474 saepe
577 2387 747 2452 eonouloet
766 2387 904 2472 invidia,
924 2410 996 2473 quae
1016 2389 1118 2452 nostri
1139 2388 1265 2454 ordinis

81 2499 151 2560 vix
175 2494 295 2559 deserit
318 2495 519 2576 societatem,
542 2515 606 2580 quo
629 2493 879 2559 Philistinorum
909 2496 1022 2559 oonoio
1047 2495 1266 2561 Israelitieam

82 2603 209 2689 puniat
233 2603 448 2687 pravitatem,
464 2623 505 2665 ne
524 2603 552 2664 si
571 2623 649 2666 mox
667 2601 725 2665 fiat
741 2601 912 2687 quidquid,
937 2615 975 2667 ut
998 2603 1160 2686 volumus,
1185 2603 1267 2668 adeo

83 2712 123 2775 in
147 2731 183 2774 se
206 2708 356 2773 conliden
380 2710 547 2796 periturus
571 2707 705 2773 decidat
727 2709 868 2773 animus.
893 2709 988 2773 Tune
1009 2710 1099 2773 enim
1123 2719 1172 2774 est
1188 2732 1266 2775 vere

84 2816 214 2883 bonum
228 2817 274 2900 id,
293 2816 380 2902 quod
400 2816 551 2900 facimus,
564 2838 640 2881 eum
659 2825 770 2882 nostro
783 2816 917 2881 Factori
931 2815 1149 2882 adscribimus
1159 2839 1265 2900 omne,

87 2924 177 3011 quod
201 2945 384 3010 possumus.

134 3029 219 3096 Inde
242 3035 301 3113 est,
328 3030 416 3116 quod
435 3053 488 3095 me
507 3031 601 3096 vides
625 3030 765 3117 prolixis
793 3030 914 3096 finibus
937 3031 1119 3114 exulatum,
1145 3054 1182 3096 ao
1206 3033 1267 3096 tei·

89 3161 197 3225 psum,
220 3161 262 3202 ne
284 3136 337 3202 vel
359 3139 523 3225 respirare
546 3136 680 3223 quidem
703 3140 816 3224 possis,
841 3139 1030 3204 invidorum
1048 3139 1175 3224 laqueis
1199 3138 1264 3225 suff

89 3246 246 3311 focatum.
265 3243 340 3324 Qua
362 3245 396 3309 in
419 3268 455 3310 re
479 3243 664 3309 simillimos
695 3268 753 3310 nos
782 3245 915 3311 cuidam
949 3245 1021 3311 dieo
1053 3247 1184 3329 artifici,
1209 3248 1265 3332 qui

91 3376 167 3418 eum
191 3352 341 3437 Augusto
360 3351 484 3418 Caesari
503 3352 796 3447 incomparabilem
816 3357 852 3444 &³
864 3354 993 3418 eunetis
1012 3352 1198 3417 inauditum
1217 3376 1265 3418 se-

91 3460 171 3525 eulis
186 3458 388 3543 thesaurum,
405 3458 551 3524 tlexibile
570 3459 726 3524 videlieet
742 3461 877 3542 vitrum,
895 3461 1036 3545 offerret,
1047 3461 1125 3545 quia
1140 3460 1266 3547 aliquid

90 3588 190 3654 super
208 3587 323 3631 omnes
340 3565 490 3630 homines
509 3567 628 3654 potuit,
648 3567 786 3652 ideoque
800 3566 930 3652 aliquid
948 3589 1046 3653 super
1062 3589 1175 3632 omnes
1194 3590 1265 3653 pro·

92 3675 210 3739 mereri
233 3696 269 3739 se
292 3673 446 3757 eredidit,
470 3675 613 3761 pessima
636 3682 722 3738 sorte
745 3675 853 3741 iussus
876 3684 926 3738 est
948 3673 1073 3756 occidi,
1097 3696 1139 3739 ne
1162 3675 1201 3758 si,
1229 3685 1266 3751 ut

92 3792 141 3846 est
164 3780 317 3847 mirabile
342 3782 475 3861 vitrum,
500 3789 608 3868 posset
636 3803 706 3846 esse
737 3780 898 3863 durabile,
922 3782 1032 3867 regius
1062 3782 1169 3845 omnis
1198 3780 1266 3845 the·

91 3911 218 3973 saurus,
242 3889 299 3974 qui
324 3889 365 3953 de
388 3888 529 3952 diversis
553 3897 624 3952 erat
655 3887 809 3972 metallis,
834 3887 928 3952 fieret
957 3890 1121 3974 extemplo
1146 3887 1268 3953 vitabi-

92 3995 131 4059 lis
150 3997 212 4079 (1).
227 3993 346 4080 Sisque
364 4017 407 4059 ex
427 3994 483 4059 illo
503 4004 649 4082 tempore
673 3994 853 4061 maledieta
876 4018 1004 4080 semper
1027 3995 1165 4079 invidia,
1182 3997 1267 4061 siout

91 4101 257 4188 quondam
280 4093 483 4188 paradisum,
507 4101 537 4161 ἃ
559 4101 621 4166 hoe
644 4123 773 4188 quoque
797 4101 993 4168 mortalibus
1014 4091 1154 4168 abstulit
1176 4125 1265 4169 eom·
1361 4101 1363 4107 ’

127 4385 173 4457 (¹)
187 4384 210 4451 s.
227 4381 373 4440 vinnons.
390 4383 472 4439 ram.
492 4382 646 4441 mutinen.
