3120 5136
544 370 658 427 GUIDO
677 371 839 427 ARnTINo
1227 375 1278 430 411

84 519 201 599 debat
224 520 260 584 in
283 518 368 602 aliis,
401 527 469 583 tam
493 516 601 582 subito
624 518 659 581 in
684 539 718 582 se
745 527 1006 603 recognosceret.
1030 518 1117 598 Quid
1150 519 1277 607 plura?

80 625 298 690 Infirmitate
321 633 458 709 cogente
481 624 593 688 Romae
618 626 740 690 morari
764 647 829 689 non
847 632 997 711 poteram
1028 624 1082 690 vel
1114 626 1279 691 modicum

75 735 213 799 aestivo
236 732 365 815 fervore
388 734 422 797 in
447 731 524 796 loeis
548 733 718 796 maritimis
737 755 775 796 aa
788 731 995 818 palustribus
1018 730 1111 796 nobis
1131 733 1279 798 minante

75 840 279 908 excidium.
304 840 455 904 Tandem
471 839 692 923 condiximus,
712 860 792 903 mox
810 838 930 924 hyeme
950 838 1109 905 redeunte
1126 862 1177 904 me
1197 839 1276 903 illuc

75 947 218 1013 debere
242 948 376 1030 reverti,
399 954 562 1032 quatenus
584 946 647 1011 hoo
671 968 752 1032 opus
775 945 944 1034 praelibato
975 946 1129 1011 Pontifici
1155 968 1279 1032 suoque

73 1053 185 1119 clero
202 1042 348 1119 debeam
371 1053 560 1140 propalare.
1059 1119 1061 1123 ,

138 1161 222 1226 Post
236 1183 357 1246 paucos
375 1158 494 1226 dehine
510 1159 581 1224 dies
592 1160 726 1225 Patrem
742 1169 889 1225 vestrum
902 1169 1000 1246 atque
1013 1183 1123 1226 meum
1136 1160 1179 1226 D.
1195 1160 1278 1226 Gui-

70 1269 218 1333 donem
229 1268 423 1353 Pomponiae
436 1265 612 1349 Abbatem,
628 1268 737 1332 virum
758 1267 829 1331 Deo
845 1265 1070 1335 &hominibus
1084 1267 1200 1331 merito
1213 1268 1278 1331 vir·

75 1377 178 1439 tutis
203 1373 230 1436 do
253 1374 423 1459 sapientiae
454 1373 686 1440 charissimum
709 1373 737 1436 do
758 1375 877 1438 animae
907 1395 987 1438 meae
1010 1382 1138 1460 partem
1163 1373 1276 1438 videre

76 1480 234 1566 cupiens
259 1480 403 1563 visitavi,
426 1481 482 1564 qui
506 1478 534 1541 dr
556 1480 625 1566 ipse
657 1481 708 1545 vir
740 1481 940 1566 perspicacis
974 1481 1099 1566 ingenii
1129 1489 1279 1545 nostrum

76 1586 370 1673 antiphonarium
382 1593 418 1649 ut
432 1585 527 1668 vidit,
540 1586 706 1674 extemplo
718 1587 872 1672 probavit
885 1587 1077 1670 decredidit,
1093 1588 1276 1673 nostrisque

77 1691 228 1758 aemulis
247 1714 282 1756 se
301 1691 467 1777 quondam
493 1696 695 1758 consensisse
725 1695 921 1781 poenituit&
940 1704 978 1759 ut
996 1695 1205 1782 Pomposiam
1222 1718 1278 1759 ve-

92 1801 204 1882 niam,
227 1797 426 1885 postulavit3
449 1800 591 1864 suadens
615 1802 696 1865 mihi
715 1801 965 1874 monachoesse
984 1801 1188 1889 praeferenda
1212 1825 1277 1868 mo·

57 1890 245 1971 master-ia
269 1905 522 1992 episcopatibus,
547 1909 693 1971 maxime
718 1909 938 1996 Pomposiam‚
956 1919 1093 1994 propter
1121 1910 1278 1988 stodiam,-

85 2013 185 2098 quod
208 2011 304 2077 modo
327 2023 376 2077 est
398 2036 458 2099 per
481 2014 545 2078 Dei
563 2015 749 2097 gratiam&
766 2017 1025 2080 reverentissimi
1046 2016 1212 2081 Gnidonis
1229 2019 1279 2082 in-

88 2122 258 2187 dustriam
281 2144 369 2187 nune
392 2124 538 2210 primum
562 2125 597 2187 in
621 2123 720 2197 Italia
743 2135 924 2211 repertum.

141 2229 243 2293 Tanti
267 2231 378 2315 itaque
401 2231 512 2294 Patris
527 2229 728 2295 orationibus
748 2230 854 2314 laxus,
875 2232 1093 2319 &praeceptis
1111 2232 1277 2316 obediens,

89 2338 188 2423 prius
212 2335 397 2401 auxiliante
418 2337 491 2400 Deo
515 2335 587 2401 volo
611 2335 673 2403 hoe
697 2358 794 2423 opere
812 2346 948 2402 tantum
973 2338 1001 2401 do
1024 2339 1089 2404 tale
1114 2350 1278 2404 monaste·

91 2447 184 2509 rium
199 2444 373 2528 illustrare,
384 2467 501 2530 meque
513 2445 712 2510 monachum
724 2446 894 2512 monachis
905 2456 1090 2532 praestar03
1106 2471 1181 2513 cum
1193 2472 1274 2536 prae-

101 2553 216 2616 sertim
241 2554 420 2616 simoniaoa
444 2553 560 2617 haeresi
583 2552 679 2617 modo
696 2575 797 2639 prope
821 2555 949 2618 eunctis
965 2553 1131 2620 damnatis
1148 2557 1277 2642 episco-

95 2662 157 2746 pis,
183 2663 320 2725 timeam
344 2662 379 2724 in
402 2661 511 2746 aliquo
534 2661 749 2724 comunioari.

140 2767 206 2833 Sed
230 2769 309 2853 qnia
331 2767 540 2854 adpraesens
573 2770 688 2832 venire
711 2790 776 2832 non
808 2790 952 2854 possum,
977 2770 1111 2834 interim
1142 2769 1205 2833 tibi
1237 2770 1277 2835 de

98 2874 298 2938 inveniendo
322 2875 434 2960 ignoto
459 2884 560 2940 cantu
583 2877 745 2962 optimum
770 2873 876 2960 dirigo
903 2885 1146 2961 argumentum,
1172 2899 1278 2964 nuper

96 2981 190 3046 nobis
215 3003 235 3044 a
258 2981 330 3045 Deo
366 2981 490 3066 datum,
516 2981 744 3047 &utillimum
768 2981 1027 3069 comprobatum.
1060 2983 1111 3049 De
1147 2982 1276 3070 reliquo

98 3088 140 3153 D.
164 3087 348 3152 Martinam
370 3089 521 3152 Priorem
545 3110 646 3154 sacrae
670 3091 947 3176 congregationis,
973 3098 1189 3176 nostrumque
1212 3113 1277 3155 ma·

96 3195 225 3258 ximum
249 3194 636 3281 adiutorem-plurimum
671 3196 789 3280 saluto,
813 3197 950 3282 eiusque
975 3197 1115 3261 orationi
1139 3219 1191 3261 me
1214 3200 1277 3262 mi·

97 3323 206 3367 serum
224 3301 369 3388 plurima
387 3323 485 3388 prece
505 3303 708 3369 commendo.
727 3304 882 3375 Fratrem
905 3325 1034 3389 qnoque
1053 3304 1187 3368 Petrum
1208 3327 1276 3369 me·

97 3431 221 3499 morem
245 3411 398 3475 memoris
422 3432 492 3474 esse
508 3432 707 3494 commoneo,
727 3412 783 3497 qui
803 3420 915 3476 nostro
936 3410 1022 3475 lacte
1043 3413 1188 3475 nutritus
1210 3434 1276 3476 non

90 3518 170 3605 sine
193 3516 305 3581 labore
327 3517 472 3582 maximo
496 3519 620 3603 agresti
644 3518 790 3582 vescitur
810 3515 944 3600 hordeo,
965 3517 1080 3604 &post
1098 3540 1200 3582 aurea
1218 3541 1274 3600 po·

100 3623 174 3688 cula
197 3624 268 3688 vini
291 3624 463 3690 confusum
482 3623 569 3688 bibit
592 3634 734 3688 acetum.
833 3666 835 3670 »

488 3821 540 3883 Da
563 3820 669 3904 ipaoto
698 3815 806 3883 Canta
827 3824 839 3903 (
863 3818 888 3909 )

140 3976 193 4060 Ad
208 3946 444 4043 inveniendum
464 3980 567 4064 igitur
584 3981 733 4065 ignotum
753 3974 897 4063 cantum,
913 3978 1102 4045 beatissime
1123 3946 1268 4051 Frater!

97 4085 204 4170 prima
226 4083 254 4147 dr
275 4078 425 4169 vulgaris
449 4084 566 4171 regula
597 4085 668 4151 haec
696 4097 755 4170 est,
781 4088 809 4152 si
837 4087 975 4169 litteras,
1001 4109 1084 4173 quas
1114 4085 1274 4173 quaelibet

102 4276 109 4290 1

132 4300 179 4372 tl).
193 4297 330 4355 Gerberto
348 4302 406 4354 non
424 4296 518 4356 divide
530 4299 613 4355 'dalla
631 4300 737 4357 lettera
754 4297 810 4355 -cib
838 4300 892 4365 ohe
917 4317 1026 4372 segue:
1045 4318 1096 4364 ma
1120 4301 1151 4354 in
1181 4300 1274 4377 toloni

98 4388 196 4447 Codici
209 4389 225 4444 ἑ
238 4389 293 4444 ben
313 4386 442 4460 distinto,
455 4407 475 4445 e.
483 4389 551 4462 perb
564 4388 611 4445 noi
629 4388 772 4450 orediamo
783 4388 811 4444 di
825 4390 1025 4446 dovertonero
1036 4396 1139 4462 questa
1151 4388 1274 4460 pratica.
