3120 5136
539 367 651 424 sumo
670 368 834 424 turrino

120 511 213 580 Non
237 524 288 580 est
312 514 461 598 dubium,
484 513 572 601 qnod
595 515 725 600 siquis
743 515 897 579 minimas
921 514 1124 600 cognoverit,

119 619 187 686 De
215 620 398 687 maioribus
421 623 630 709 nequaquam
653 620 807 685 dubitare
829 621 961 707 poterit.

116 730 269 794 Rursus
292 727 440 815 qualibet
463 730 497 794 in
522 727 627 793 forma
650 750 771 813 magna
795 731 839 792 sit
862 729 1017 812 varietas,
1085 754 1089 761 ¹

114 835 169 900 Si
198 858 270 900 vox
293 835 449 922 qualibet
472 837 506 900 in
530 835 749 901 cantu'modo
772 832 916 922 simplex
938 844 1080 917 resonat,

112 943 240 1008 Modo
264 952 367 1007 semet
389 964 581 1028 repercussa
605 942 752 1028 duplicat
774 941 829 1007 vel
852 941 1009 1028 triplicat,

113 1050 248 1115 Voces
272 1048 391 1114 deinde
414 1050 527 1114 affines
551 1071 633 1135 quas
657 1048 862 1115 demonstrat
884 1048 1010 1135 regula,

112 1157 272 1221 Harum
295 1157 568 1222 constitutionum
591 1177 656 1219 non
681 1157 808 1242 spernit
830 1155 1017 1240 concordia,

114 1264 234 1344 Quin
260 1264 303 1328 sit
326 1263 414 1328 idem
437 1285 567 1349 semper
589 1263 712 1327 melum
737 1264 772 1327 in
794 1284 861 1326 una
883 1262 1052 1328 &altera

109 1371 223 1435 Feci
248 1371 380 1455 regulas
402 1378 544 1455 apertas,
568 1375 598 1434 &
621 1368 891 1454 antiphonarium

107 1477 354 1561 Regulariter
377 1475 561 1563 perfectum
585 1475 708 1542 contuli
731 1476 932 1561 cantoribus,

108 1583 250 1666 Quale
273 1606 453 1670 numquam
477 1583 667 1649 habuerunt
689 1583 827 1670 reliquis
850 1584 1062 1672 temporibus.

181 1692 310 1757 Precor
333 1713 390 1756 vos
413 1690 503 1755 beati
525 1689 645 1755 fratres
669 1712 727 1776 pro
751 1693 853 1756 tantis
874 1690 1053 1778 laboribus,

106 1801 207 1866 Pro
232 1823 285 1864 me
309 1800 427 1864 misero
450 1798 616 1881 Guidone,
639 1801 785 1884 meisque
809 1799 1018 1886 adjutoribus

107 1910 241 1974 Pium
266 1909 376 1972 Deum
399 1916 544 1990 exorate,
568 1907 664 1972 nobis
688 1908 732 1970 sit
754 1909 925 1994 propitius.

112 2018 264 2106 Operis
287 2038 416 2102 quoque
440 2016 632 2102 scriptorem
655 2016 813 2081 adiuvate
835 2016 1000 2103 precibus.

112 2126 209 2192 Pro
233 2125 392 2210 magistro
417 2127 561 2205 eriorate,
586 2124 680 2187 cuius
704 2123 867 2189 adiutorio

114 2235 275 2300 Auctor
298 2230 426 2314 indiget
448 2230 479 2300 ,ἃ
501 2231 652 2316 scriptor.
675 2230 791 2296 Gloria
814 2232 858 2295 sit
881 2231 1034 2297 Domino.

631 2336 750 2402 Amen.

123 2637 195 2718 (1)
221 2631 386 2697 Omnibus
410 2654 485 2697 ecce
508 2632 616 2698 modis
639 2632 806 2721 descripta
829 2634 944 2698 relatio
969 2635 1070 2700 vocis.

112 2735 207 2806 Est
230 2751 329 2804 tonus
352 2740 386 2803 in
409 2740 556 2805 numeris
578 2748 776 2827 superantur
798 2748 836 2804 ut
859 2750 932 2805 octo
956 2743 1102 2824 novenis,

116 2845 345 2928 Semitonus,
369 2848 464 2911 cuius
488 2845 685 2912 denomino
709 2868 828 2912 nomen
851 2846 988 2912 ademit.

114 2948 291 3019 witonus
313 2960 412 3038 atque
435 2953 546 3035 semis,
573 2952 778 3018 diatessaron
802 2963 897 3019 omne
920 2953 1046 3020 tenebit
1063 2955 1123 3038 (2).

125 3065 195 3145 (3)
214 3060 321 3147 quue
344 3058 425 3124 facit
447 3069 561 3125 notum
584 3060 709 3145 quadro
732 3060 923 3126 discrimine
946 3070 1062 3146 totum,

116 3168 208 3235 Oui
233 3165 420 3253 superadde
444 3175 568 3251 tonum,
593 3165 707 3231 videas
731 3167 886 3254 diapente
909 3189 1073 3234 sonorum.

120 3276 259 3361 Atque
281 3272 388 3339 tribus
412 3273 524 3339 fissum
548 3273 663 3338 tonum
685 3273 834 3358 signabit
856 3274 1010 3361 idipsum,

121 3376 187 3448 In
211 3381 320 3447 medio
344 3403 481 3446 summae
505 3379 665 3468 diapason
689 3383 793 3446 nectit
816 3391 1003 3468 utrumque.

126 3483 300 3574 {Namque
323 3508 438 3554 sonum
461 3486 628 3573 duplicem
651 3487 769 3574 simplo
793 3487 851 3553 sed
874 3488 984 3554 reddit
1007 3490 1167 3556 eumdem.

126 3595 246 3662 Adde
268 3595 391 3682 duplex
414 3616 509 3661 senos
531 3594 646 3660 videas
669 3604 766 3669 notus
790 3595 970 3680 diatriton,

129 3698 293 3768 ])itonus
315 3701 345 3778 ἃ
367 3703 474 3786 semis,
498 3703 577 3788 quia
601 3703 732 3767 ditonus
756 3702 840 3768 alter
863 3702 1016 3768 habetur.

18 3811 373 3861 X,—

109 3933 183 4012 (1)
202 3937 257 3995 Nei
276 3938 372 3994 Codici
389 3936 520 4009 Parigini
540 3937 555 3992 e
574 3942 706 4008 separato
725 3935 886 3993 coltitolo:
906 3936 944 3992 dc·
960 3954 1010 3993 aex
1032 3940 1156 3994 Motibus
1184 3955 1280 3995 cocum

117 4040 170 4083 θα
187 4029 306 4084 invicem
324 4033 352 4082 et
372 4027 516 4096 divisione,
537 4033 564 4082 et
586 4028 618 4082 dc
640 4041 772 4082 mensura
795 4043 899 4082 earum.
923 4026 947 4080 E
970 4027 1029 4081 cosi
1051 4024 1077 4081 lo
1101 4026 1238 4098 pubblica
1260 4027 1280 4082 il

33 4081 311 4192 Opussemaksr
328 4115 357 4171 di
376 4115 427 4171 soli
446 4116 480 4172 37
502 4114 585 4180 versi,
603 4122 714 4171 mentre
734 4115 783 4170 nel
803 4114 948 4181 (imberto,
966 4133 982 4170 c
1004 4116 1051 4170 nei
1074 4116 1154 4171 codd.
1180 4116 1218 4171 da
1243 4115 1282 4170 lui

40 4187 276 4262 11&contrati
295 4205 311 4260 ὁ
329 4205 358 4259 di
377 4206 422 4261 38.
789 4203 790 4207 ’
847 4226 848 4229 ’

133 4297 187 4366 (2)
208 4295 414 4354 Coussemaker
431 4296 470 4350 ha
488 4296 660 4364 retinebar&
678 4293 688 4349 i
707 4293 798 4350 codici
816 4291 960 4350 florentini
980 4297 1117 4350 tenebrati.

138 4387 187 4459 (3)
204 4387 230 4443 11
249 4387 318 4444 Cod.
337 4385 428 4458 parig.
449 4387 519 4440 7461
539 4385 578 4440 ha
597 4386 699 4457 Itaque
716 4387 751 4452 fit
767 4390 863 4441 uotum
880 4401 937 4440 ecc.

24 4008 63 4047 α
