3120 5144
501 405 616 463 GUIDO
634 406 797 462 ARETINO
1184 410 1238 463 423

56 548 181 614 colores
205 547 484 636 superducuntur:
509 548 598 615 unde
621 550 720 614 datur
744 549 896 636 intelligi,
921 553 999 637 quio
1021 553 1056 617 in
1085 561 1152 618 toto
1176 575 1239 617 an·

58 656 295 743 tiphonsrio&
326 657 360 720 in
385 658 472 720 omni
500 665 600 721 cantu
624 665 897 742 quantaecumque
929 657 1022 723 lineae
1052 657 1107 724 vel
1129 660 1238 744 spatia

57 785 156 828 unam
172 762 388 849 eamdemque
404 762 529 828 habent
546 763 693 830 litteram
714 765 766 829 vel
782 765 935 830 eumdem
950 766 1099 850 colorem,
1115 768 1163 830 ita
1178 788 1238 852 per

56 870 166 935 omnia
196 868 347 934 slmiliter
370 879 499 959 sonant,
525 881 683 958 tanquam
706 873 734 936 si
759 894 872 937 omnes
895 873 930 937 in
954 895 1021 939 una
1044 872 1133 938 linea
1156 873 1238 938 fuis-

56 988 138 1061 sent,
163 980 243 1065 quia
265 980 351 1043 sicut
375 979 463 1044 linea
485 980 648 1045 unitatem
668 1003 832 1064 sonorum,
855 984 902 1047 ita
926 992 959 1048 θῖ
976 1005 1037 1070 per
1057 985 1238 1049 omniadit-

56 1094 129 1150 tera
153 1085 206 1150 vel
230 1086 316 1151 color
340 1087 498 1152 unitatem
522 1088 689 1171 significat
709 1087 882 1172 linearum,
906 1112 945 1155 ac
968 1113 1028 1177 per
1051 1091 1112 1156 hoc
1136 1093 1237 1157 etism

57 1215 222 1258 sonorum.

102 1299 227 1380 Quodsi
251 1300 431 1365 secundum
455 1301 602 1365 ordinem
625 1324 779 1368 sonorum
807 1303 849 1368 ab
873 1305 945 1390 ipse
969 1303 1082 1369 littera
1105 1305 1160 1370 vel
1184 1328 1236 1370 co·

58 1405 165 1471 loreto
188 1404 277 1469 lineo
300 1405 422 1492 ubique
455 1408 620 1493 inspicias,
646 1407 780 1473 &illud
804 1419 916 1494 aperte
946 1432 1132 1496 cognosces,
1158 1412 1236 1497 quia

58 1515 91 1578 in
114 1512 267 1579 omnihus
290 1514 443 1579 secundis
463 1514 635 1578 ordinibus
654 1515 768 1580 eadem
784 1537 901 1581 vocum
922 1516 951 1575 ἃ
973 1539 1167 1582 neumarum
1187 1528 1237 1582 est

59 1623 177 1685 unitas.
201 1619 362 1684 Similiter
386 1620 427 1684 de
452 1623 550 1685 tertio
574 1621 628 1686 vel
651 1631 768 1708 quarto
787 1622 902 1686 ordine
926 1628 953 1686 c
978 1623 1113 1708 reliquis
1137 1621 1235 1688 intel·
1338 1647 1340 1651 ’

59 1726 133 1813 lige,
159 1729 228 1793 sive
251 1727 435 1814 superiores
460 1729 530 1792 sive
554 1728 726 1792 inferiores
751 1730 883 1794 ordines
907 1752 1034 1795 cernas.

101 1834 210 1917 Igitur
225 1834 407 1898 certissime
421 1843 558 1915 constat,
577 1835 654 1920 quia
673 1857 784 1900 omnes
801 1859 928 1901 neumae
943 1837 997 1901 vel
1014 1838 1084 1902 soni
1100 1838 1135 1901 in
1151 1838 1236 1901 cius·

59 1940 130 2005 dem
156 1941 275 2004 litterae
298 1938 352 2006 vel
375 1941 493 2006 coloris
517 1940 614 2005 lineis
642 1942 793 2007 similiter
822 1945 930 2030 positi,
955 1945 1008 2009 vel
1036 1944 1237 2009 dissimiliter

60 2049 208 2114 litterata
227 2050 279 2114 vel
295 2049 440 2114 colorata
459 2048 549 2113 linea
563 2052 689 2135 puriter
706 2050 863 2136 elongati,
878 2074 938 2137 per
957 2053 1065 2117 omnia
1083 2053 1236 2116 similiter

59 2167 192 2221 sonant:
208 2157 241 2221 in
255 2157 393 2222 diversis
409 2166 519 2222 autem
535 2156 630 2221 lineis
646 2157 699 2222 vel
715 2160 830 2243 spatiis
849 2161 950 2223 etiam
969 2159 1119 2223 similiter
1139 2159 1235 2224 factae

59 2287 183 2329 ncumae
207 2286 414 2350 nequaquam
434 2264 587 2328 similiter
606 2273 734 2329 sonant.
751 2265 896 2351 Ideoque
916 2266 1070 2351 quamvis
1089 2264 1236 2350 perfecta

59 2374 99 2437 sit
122 2374 271 2458 positura
297 2394 502 2453 neumarum,
534 2394 622 2436 coeca
652 2373 782 2437 omnino
807 2380 866 2454 est,
892 2376 915 2433 c
937 2371 1022 2435 nihil
1052 2370 1142 2435 valet
1166 2372 1236 2436 sine

59 2479 271 2544 adiunctIone
294 2478 479 2543 litterarum
501 2478 556 2542 vel
581 2478 735 2543 colorum.

102 2586 195 2649 Duos
218 2586 303 2649 enirn
326 2584 449 2650 colores
472 2585 635 2671 ponimus,
661 2607 791 2650 crocum
816 2585 943 2649 scilicet
961 2595 989 2652 tr
1005 2585 1155 2668 rubeum,
1176 2607 1236 2670 per

58 2717 138 2780 quos
161 2694 282 2758 colores
305 2693 402 2758 valde
425 2694 536 2757 utilem
557 2693 618 2758 tibi
642 2693 791 2778 regulam
809 2693 913 2776 trado,
933 2715 991 2779 per
1011 2715 1109 2779 quum
1133 2695 1236 2778 aptis·

57 2803 137 2866 sime
160 2822 335 2886 cognosces
367 2800 407 2865 de
431 2801 518 2864 omni
542 2822 663 2864 neuma
687 2806 715 2863 e
739 2822 936 2887 unaquoque
960 2821 1049 2882 voce,
1075 2800 1115 2864 do
1146 2799 1235 2885 quali

59 2919 134 2974 tono
151 2909 203 2991 sit,
224 2916 252 2974 ds
270 2908 311 2972 de
331 2907 420 2994 quali
439 2909 550 2973 littera
568 2906 801 2972 monochordi:
822 2909 850 2971 si
869 2916 990 2989 tamen,
1010 2916 1047 2970 ut
1067 2906 1165 2971 valde
1185 2915 1235 2970 est

58 3023 288 3100 opportunum,
316 3012 574 3079 monochordum
597 3017 625 3074 ds
649 3024 800 3079 tonorum
823 3012 982 3079 formulas
1006 3014 1040 3078 in
1070 3012 1234 3100 frequenti

59 3121 181 3186 habeas
206 3143 277 3185 usu.

102 3231 235 3314 Septem
261 3251 335 3292 vero
360 3238 437 3292 sunt
470 3227 591 3292 litterse
614 3228 836 3312 monochordi,
861 3230 949 3293 siout
971 3225 1099 3314 plenius
1122 3234 1235 3312 postea

59 3334 256 3400 monstrabo.
289 3334 500 3420 Ubicumque
528 3356 606 3420 orgo
630 3334 755 3400 videris
783 3357 925 3418 crocum,
949 3337 1021 3420 ipsa
1045 3341 1094 3397 est
1124 3332 1236 3396 littera

58 3444 157 3507 tertia
182 3441 218 3506 Ο.
239 3441 480 3527 &ubicumque
495 3441 619 3506 videris
634 3444 783 3524 minium,
802 3443 874 3527 ipsa
892 3450 941 3505 est
958 3442 1069 3505 littera
1085 3448 1179 3504 sexta
1194 3441 1235 3503 F.

58 3552 127 3614 sive
157 3552 193 3613 in
216 3549 323 3631 lineis,
359 3550 429 3613 sive
453 3551 539 3612 inter
562 3545 665 3613 lineos
697 3550 760 3635 ipsi
784 3548 949 3612 ducantur
971 3548 1104 3611 colores.
1128 3546 1236 3631 Igitur

37 3732 38 3739 ἵ
57 3658 153 3721 tertio
173 3656 288 3721 ordino
311 3655 372 3720 sub
396 3678 490 3720 croco
509 3656 617 3741 prima
636 3664 687 3719 θεῖ
705 3655 819 3719 littera
836 3653 881 3718 Α.
906 3656 940 3718 in
960 3676 1026 3740 qua
1048 3662 1145 3717 tonus
1168 3653 1237 3737 pri-

57 3788 129 3831 mus
156 3768 210 3848 (e)
236 3765 287 3828 vel
311 3764 492 3829 secundus:
517 3785 617 3850 super
640 3761 726 3827 hane
745 3764 841 3827 iuxta
860 3785 992 3828 crocum
1016 3760 1160 3826 secunda
1183 3761 1236 3825 lit·

57 3883 130 3937 tero
152 3872 195 3936 B.
218 3871 253 3935 in
278 3893 344 3957 qua
367 3882 417 3936 θεῖ
440 3880 538 3936 tonus
562 3871 679 3934 tertius
706 3870 759 3935 vel
783 3877 929 3954 quartus.
953 3868 1083 3933 Deinde
1108 3867 1236 3953 inipso

56 4001 151 4045 croco
176 3987 226 4041 θεῖ
249 3999 316 4042 vox
349 3979 397 4058 (id
421 3983 483 4061 θεῖ)
515 3979 569 4043 vel
591 3978 703 4042 littera
727 3979 828 4041 tertie
853 3975 896 4040 0.Ὶ
914 3978 948 4040 in
979 3999 1045 4062 que
1068 3985 1117 4039 θεῖ
1140 3983 1237 4040 tonus

57 4088 195 4173 quintus
219 4091 248 4150 &
275 4093 400 4149 sextus.
425 4085 546 4150 Vicina
575 4106 673 4171 super
696 4083 880 4149 crocum&
903 4085 1002 4148 tertis
1029 4083 1091 4147 sub
1123 4083 1236 4165 minio,

56 4201 109 4256 est
130 4193 243 4256 littera
272 4201 392 4277 quarte
414 4193 459 4256 D.
483 4193 518 4255 in
542 4212 609 4278 qua
637 4199 688 4255 est
710 4201 807 4256 tonus
828 4192 956 4276 primus
979 4188 1032 4254 vol
1063 4188 1236 4254 secundus-

56 4301 217 4365 Proxima
240 4308 288 4362 est
307 4299 408 4363 minio
428 4299 545 4388 quinta
563 4299 606 4363 Id.
625 4299 659 4362 in
679 4320 744 4384 qus
763 4306 864 4362 tonus
878 4298 995 4363 tertius
1014 4297 1067 4361 vel
1088 4306 1236 4382 quartus.

56 4407 98 4471 ln
123 4408 193 4492 ipso
217 4416 266 4471 est
296 4407 399 4471 minio
423 4406 536 4470 litters
563 4415 659 4470 sextu
681 4407 723 4472 F.
747 4407 781 4470 in
806 4428 871 4492 quo
896 4416 993 4472 tonus
1024 4407 1158 4492 quintus
1182 4404 1237 4470 vel
