3120 5136
538 431 652 488 GUlDO
672 431 834 487 Altll'l'lNO
1223 433 1275 487 415

73 581 298 646 concordant
316 581 370 645 vel
390 587 703 667 moventur3atque
720 580 753 644 hi
773 581 928 646 dicuntur
947 605 1008 647 sex
1022 592 1128 648 motus
1147 606 1277 667 vocum,

70 687 216 775 quibus
234 686 278 751 ad
297 709 332 752 se
351 687 497 751 invicem
517 708 614 752 voces
630 687 830 752 concordant
847 688 900 755 vel
921 698 1106 756 moventur.
1130 692 1182 756 Ea
1200 713 1278 756 vero

69 793 284 876 eoncordia,
311 804 451 879 quaeest
475 794 561 858 iuter
585 816 722 879 gravem
746 795 889 881 aliquam
912 797 1057 862 litteram
1080 799 1108 862 a
1131 798 1278 863 eamdem

68 910 242 982 acutam,
265 901 352 992 sicut
376 923 396 964 a
414 901 522 987 prima
540 901 576 964 in
591 902 742 986 primam,
764 903 815 966 vel
832 925 851 966 a
867 903 1008 969 soconda
1033 906 1066 969 in
1090 905 1278 987 secundam,

64 1011 256 1096 diapason
281 1008 413 1088 dicitur,
439 1007 474 1071 id
498 1017 558 1090 est,
588 1007 627 1071 de
650 1009 815 1077 omnibus:
840 1009 940 1076 habet
970 1015 1059 1077 enim
1083 1035 1194 1078 omnes
1222 1036 1278 1078 vo·

67 1139 161 1199 ces,
187 1116 216 1179 dr
239 1124 333 1179 tonos
356 1115 502 1200 quinque
525 1136 600 1179 cum
624 1114 751 1180 duobus
770 1119 961 1201 semitoniis,
986 1119 1048 1184 hoo
1073 1130 1133 1204 est,
1157 1120 1279 1185 diates-

64 1245 193 1288 saron
222 1223 251 1286 &
279 1221 445 1307 diapente.
476 1222 558 1286 Haeo
583 1221 743 1307 diapason
773 1225 808 1288 in
838 1233 966 1291 tautum
995 1227 1172 1292 concordes
1199 1228 1279 1292 facit

69 1353 205 1413 voces,
230 1336 354 1393 utnon
378 1350 433 1393 eas
457 1328 604 1393 dicamus
625 1329 759 1414 similes,
784 1331 841 1395 sed
857 1333 998 1399 easdem.
1023 1333 1145 1399 Omnes
1169 1344 1278 1399 autem

68 1461 195 1505 voces
220 1439 255 1505 in
280 1446 408 1505 tantum
428 1447 504 1503 sunt
528 1435 662 1520 similes,
682 1446 715 1503 et
739 1438 867 1503 faciunt
890 1440 1015 1505 similes
1035 1463 1129 1505 sonos
1153 1443 1180 1506 dv
1205 1425 1278 1506 con·

67 1549 214 1614 cordes
237 1569 383 1630 neumas,
402 1548 438 1610 in
457 1556 617 1631 quantum
637 1544 790 1610 similiter
805 1546 978 1612 elevantur
994 1548 1047 1613 vel
1071 1548 1280 1635 deponuntur

72 1653 280 1721 secundum
298 1653 533 1739 depositionem
550 1653 744 1717 tonorum&
761 1655 1022 1720 semitoniorum:
1039 1665 1157 1742 utputa
1172 1657 1280 1743 prima

74 1784 167 1827 vox
190 1758 235 1825 Α.
255 1761 285 1824 du
304 1768 422 1846 quarta
437 1761 482 1824 D.
498 1757 622 1823 similes
642 1760 670 1823 a
688 1760 787 1824 unius
804 1760 892 1825 modi
909 1760 1076 1845 dicuntur,
1091 1764 1168 1852 quia
1186 1771 1279 1827 utra-

81 1891 163 1956 que
189 1869 224 1931 iu
244 1867 449 1953 depositione
469 1875 591 1948 tonum,
617 1868 651 1929 iu
675 1865 857 1933 elevatione
876 1890 954 1935 vero
980 1869 1102 1934 habent
1118 1880 1230 1936 tonum
1251 1871 1278 1935 du

80 1977 311 2042 semitonium
335 1976 363 2039 a
387 1973 466 2039 duos
485 1983 588 2038 tonos.
612 1972 723 2060 Atque
746 1973 817 2040 haec
841 1985 891 2041 est
914 1978 1020 2063 prima
1039 1978 1225 2043 'similitudo
1244 1981 1278 2044 in

77 2084 247 2169 vocibus,
271 2083 334 2149 hoo
358 2092 416 2167 est,
441 2085 569 2170 primus
592 2082 719 2147 modus.

146 2193 318 2261 Secundus
342 2192 458 2256 modus
481 2199 582 2256 estin
608 2190 750 2255 secunda
770 2192 812 2255 B.
837 2190 864 2255 d
889 2193 922 2255 iu
942 2193 1058 2277 quinta
1081 2193 1123 2258 E.
1147 2192 1282 2260 Habent

87 2305 189 2369 enim
212 2311 351 2387 utraque
375 2301 409 2363 in
434 2299 635 2385 depositione
661 2297 741 2362 duos
766 2307 868 2380 tonos,
893 2299 928 2360 in
951 2298 1134 2364 elevatione
1154 2302 1281 2365 semito-

90 2415 194 2476 mium
213 2410 240 2473 du
256 2408 337 2473 duos
357 2417 460 2471 tonos.
477 2406 609 2471 Tertius
626 2405 742 2469 modus
761 2414 810 2469 est
826 2406 859 2469 in
872 2406 971 2469 tertia
989 2402 1025 2470 O.
1042 2407 1070 2470 du
1089 2407 1123 2470 in
1138 2416 1224 2470 sesta
1240 2409 1281 2472 F.

96 2516 207 2582 ambae
228 2517 315 2579 enim
339 2513 553 2578 semitonio&
578 2511 702 2577 duobus
719 2513 803 2576 tonis
823 2512 1037 2596 descendunt,
1060 2512 1186 2578 duobus
1205 2536 1283 2585 vero

100 2634 190 2697 tonis
213 2629 406 2696 ascendunt.
431 2627 508 2694 Sola
531 2649 610 2693 vero
630 2629 769 2714 septima
791 2627 831 2693 G.
851 2636 1008 2714 quartum
1032 2628 1166 2694 modum
1191 2630 1283 2708 facit,

105 2718 177 2826 quae
201 2739 237 2802 in
264 2737 464 2822 depositione
482 2759 586 2800 unum
606 2744 719 2800 tonum
743 2736 770 2799 du
794 2736 1051 2800 semitonium&
1074 2736 1155 2801 duos
1179 2746 1283 2825 tonos,

107 2848 141 2911 in
164 2846 346 2911 elevatione
369 2864 447 2908 vero
473 2842 553 2907 duos
577 2841 677 2906 habet
701 2852 793 2906 tonos
817 2843 845 2905 u
870 2842 1088 2906 semitonium.

149 2953 194 3016 Et
213 2953 270 3037 qui
285 2950 381 3039 plene
398 2951 571 3020 exercitati
588 2958 664 3013 sunt
683 2951 717 3013 in
736 2949 799 3013 hac
819 2958 900 3030 arte,
918 2959 1054 3035 possunt
1071 2971 1286 3035 unamquam-

107 3059 188 3125 libet
205 3057 435 3144 symphoniam
447 3055 627 3120 secundum
640 3055 699 3120 hos
717 3065 858 3142 quatuor
870 3057 1002 3119 variare
1019 3056 1141 3138 modos,
1158 3065 1285 3145 utputa,

107 3175 134 3236 si
158 3172 232 3259 quis
251 3192 352 3233 unam
370 3167 600 3254 symphoniam
619 3168 762 3253 primum
786 3168 821 3231 in
840 3188 920 3231 voce
937 3168 1042 3252 prima
1059 3165 1103 3231 A.
1123 3167 1151 3230 du
1174 3176 1286 3252 postea

109 3277 260 3342 eamdem
283 3275 422 3361 incipiat
445 3274 480 3337 in
504 3295 584 3338 voce
604 3272 758 3356 secunda,
776 3272 893 3339 dehinc
918 3274 952 3342 in
969 3274 1079 3337 tertia.
1103 3273 1147 3336 Et
1170 3295 1286 3340 senuna

108 3384 186 3449 dum
209 3404 273 3468 quo
293 3383 372 3467 ipsae
390 3401 485 3444 voces
501 3379 667 3443 diversam
683 3378 806 3444 habent
825 3389 975 3448 tonorum
996 3380 1023 3443 du
1043 3380 1287 3446 semitoniorum

107 3492 314 3580 positionem,
340 3489 386 3552 sic
408 3489 510 3552 variis
534 3486 638 3552 modis
657 3486 841 3551 secundum
861 3488 1118 3573 uniuscuiusque
1142 3489 1288 3575 proprie·

109 3608 212 3663 tatem
237 3619 309 3660 eam
330 3597 529 3682 pronuntiet.
550 3593 648 3674 Quod
667 3594 799 3679 quidem
825 3594 933 3658 facere
957 3594 1054 3659 valde
1078 3604 1127 3658 est
1149 3593 1240 3678 utile,
1260 3595 1288 3666 lt

109 3705 206 3770 valde
233 3701 338 3785 facile,
362 3703 424 3767 hoc
443 3701 549 3771 modo.
1028 3696 1030 3701 ’

370 3824 394 3879 n
483 3823 550 3878 ro
635 3786 796 3878 eoos
863 3839 881 3876 a
936 3823 1034 3878 ann

321 3925 323 3927 ’
364 3923 407 3976 Tu
467 3922 565 3977 Patris
620 3921 803 3990 sempiternas
858 3938 886 3975 es
942 3922 1035 3977 Filias

368 4022 391 4075 a
483 4021 545 4076 oa
621 4005 875 4094 aaa‘a'a
940 4021 1034 4076 ors

364 4113 406 4166 Ta
466 4111 563 4166 Patris
617 4113 800 4180 sempiternus
854 4129 895 4166 es
936 4111 1033 4167 Filius

366 4200 390 4254 F
490 4199 537 4275 al
638 4197 792 4274 ΗΜ
863 4218 879 4254 c
943 4200 1033 4255 aur

246 4324 247 4328 =
284 4348 285 4351 ,
349 4290 407 4344 ,Tu
458 4284 563 4361 'Putris
618 4290 800 4358 sempiternus
856 4305 884 4343 oa
940 4288 1032 4344 Filius

369 4379 393 4434 G
489 4377 536 4453 ho
629 4395 698 4433 cc
735 4397 750 4433 e
787 4395 803 4433 c
863 4378 883 4433 d
959 4377 1022 4434 baG

367 4470 408 4524 Tu
468 4470 567 4524 Putris
621 4472 805 4540 aeiupiteruus
860 4485 888 4525 cs
942 4469 1038 4524 Filius
1126 4540 1129 4547 ι
