3120 5144
352 408 406 464 404
798 404 911 461 suino
930 404 1091 479 Assumo

399 553 531 618 Dehinc
554 551 662 617 studio
686 560 855 626 crescente
879 551 965 633 inter
989 549 1071 614 duas
1095 549 1210 641 lineas,

395 661 473 726 Vox
496 662 727 747 interponatur
749 680 827 741 una,
851 679 971 744 nempe
995 658 1114 745 quaerit
1137 657 1233 740 ratic,

399 767 513 832 Variis
532 776 574 840 ut
597 768 640 832 sit
663 767 698 831 in
722 765 819 831 rebus
843 766 940 830 varia
962 765 1082 852 positio

400 877 447 958 (l)
467 873 625 956 (Quidam
648 882 774 960 ponunt
797 871 879 937 duas
903 893 999 938 voces
1023 871 1105 937 duas
1128 873 1354 954 interlineas,
1387 855 1388 859 ¹

361 982 364 988 ’
396 981 541 1061 Quidam
565 990 687 1062 ternas,
710 980 848 1067 quidam
871 1001 950 1043 vero
974 979 1080 1044 nullas
1105 959 1229 1043 habent
1252 979 1369 1060 lineas,

397 1089 526 1172 Quibus
549 1087 643 1152 labor
666 1110 742 1153 cum
766 1088 809 1151 sit
832 1089 953 1172 gravis,
979 1108 1071 1150 error
1094 1095 1144 1150 est
1165 1087 1398 1170 gravissimus.

396 1196 639 1282 Argumentum
664 1216 741 1276 vero
765 1192 909 1279 simplex
931 1195 1011 1280 quia
1033 1194 1099 1258 cito
1123 1194 1265 1278 capitur,

393 1303 506 1368 Tenus
532 1303 648 1368 tertius
672 1301 837 1366 &sextus
862 1299 1094 1366 describuntur
1117 1301 1245 1386 saepius,
1369 1290 1371 1293 ’

395 1409 486 1488 Quos
509 1408 700 1495 frequentor
723 1429 930 1494 repercussos
954 1429 1033 1473 mox
1056 1408 1224 1492 cognoscit
1245 1409 1392 1472 animus.

393 1516 599 1581 Litterarum
623 1524 653 1584 ἃ
674 1537 871 1580 neumarum
895 1536 974 1599 usus
997 1516 1041 1579 sit
1064 1513 1226 1579 assiduus.

397 1622 544 1708 Quisque
567 1608 665 1687 sonus
689 1643 753 1708 quo
778 1622 822 1686 sit
845 1621 915 1686 loco
939 1619 1037 1685 facile
1061 1620 1241 1706 colligitur,

394 1729 538 1794 Etiamsi
560 1750 628 1793 una
651 1732 807 1812 (tantum)
835 1727 946 1794 littera
971 1726 1181 1815 praeligitur).

395 1836 444 1901 Ut
465 1836 650 1921 proprietas
672 1856 828 1901 sonorum
852 1834 1061 1900 discernatur
1085 1835 1221 1917 clarius,

395 1941 564 2021 Quasdam
588 1941 693 2006 lineas
716 1942 886 2029 signamus
909 1941 1011 2006 variis
1036 1940 1213 2007 coloribus:

394 2049 442 2114 Ut
464 2070 528 2135 quo
549 2049 619 2113 loco
644 2051 718 2139 quis
741 2050 784 2114 sit
808 2058 914 2131 tonus,
938 2071 1018 2114 mox
1041 2048 1206 2114 discernat
1229 2049 1355 2131 oculus,

390 2154 520 2221 Ordine
545 2156 649 2246 tertiae
673 2157 763 2220 vocis
787 2154 962 2243 splendens
986 2176 1101 2220 crocus
1124 2154 1253 2223 radiat:

393 2261 499 2328 Sexta
522 2264 593 2327 eius
616 2263 673 2328 sed
698 2264 805 2327 affinis
828 2241 915 2327 flcio
938 2260 1035 2326 rubet
1058 2263 1171 2344 minio,

392 2369 454 2434 Est
477 2370 619 2455 affinitas
643 2368 790 2434 colorum
812 2368 950 2455 reliquis
974 2367 1108 2434 indicio.

390 2474 439 2540 At
462 2476 490 2539 si
513 2477 623 2541 littera
647 2474 700 2540 vel
723 2475 812 2541 color
834 2475 966 2542 neumis
987 2497 1053 2545 non
1077 2478 1241 2560 intererit,

390 2582 473 2647 Tale
497 2583 570 2665 erit,
589 2583 690 2670 ¹quasi
712 2566 827 2647 funem
851 2581 930 2648 dum
954 2604 1019 2647 non
1042 2581 1149 2669 habet
1164 2593 1301 2670 puteus:

392 2687 495 2755 Cuius
519 2711 621 2775 aquae,
645 2690 799 2777 quamvis
822 2688 944 2772 multae,
969 2690 1017 2754 nil
1040 2701 1178 2776 prosunt
1201 2690 1404 2766 videntibus.

391 2794 479 2861 Illud
502 2816 643 2884 quoque,
667 2795 754 2882 quod
778 2795 930 2886 praedixi,
956 2795 1053 2862 valde
1076 2798 1142 2861 erit
1165 2797 1258 2880 utile,

391 2902 514 2970 Similis
536 2901 649 2990 figurae
672 2923 813 2989 neumas
835 2903 861 2967 si
886 2924 981 2973 cures
1004 2904 1177 2990 inspicere,

392 3010 490 3074 Locis
513 3009 618 3074 variis
641 3013 671 3073 ἃ
694 3007 801 3075 modis
824 3004 924 3095 quam
948 3008 1079 3077 diverse
1103 3019 1266 3082 resonent.

392 3114 626 3202 Aptitudinem
647 3136 845 3184 neumarum
867 3115 966 3183 facile
992 3116 1165 3203 intelligis,

389 3223 462 3304 Quo
485 3224 519 3288 in
541 3221 613 3287 loco
635 3223 709 3314 quis
733 3224 777 3297 sit
800 3245 899 3291 sonus
923 3225 959 3291 in
982 3224 1123 3298 diversis
1146 3223 1254 3308 lincis,

390 3331 478 3396 Usus
502 3327 563 3392 tibi
587 3328 630 3392 sit
653 3329 689 3420 si
705 3327 860 3413 frequens
884 3329 920 3393 in
945 3329 1117 3395 modorum
1141 3330 1304 3397 formulis.

390 3433 582 3504 Cuiusmodi
606 3419 811 3521 symphoniis
835 3434 1030 3523 symphonia
1054 3439 1209 3522 concinit,

390 3541 563 3612 Eiusmodi
586 3539 819 3627 symphoniam
843 3543 950 3629 ipsam
974 3564 1044 3610 esse
1068 3545 1213 3611 noveris.

390 3650 499 3731 Quare
522 3648 680 3715 octomela
703 3649 832 3718 cunctis
855 3647 1028 3720 subdimus
1051 3651 1254 3738 antiphonis,

391 3759 439 3841 (2)
465 3756 580 3822 Plures
604 3777 699 3820 voces
721 3753 816 3825 brevi
840 3754 922 3825 fiant
945 3758 1099 3847 metasit
1121 3759 1163 3835 in
1180 3759 1299 3845 spatio.

389 3863 529 3950 Signum
553 3871 602 3927 est
625 3862 791 3948 sequentis
814 3884 951 3948 ncumse,
975 3884 1039 3953 quo
1063 3862 1134 3937 loco
1157 3865 1310 3951 ponenda
1334 3868 1387 3950 sit,
1454 3907 1456 3911 >

389 3968 456 4036 Suo
478 3969 548 4034 loco
571 3991 613 4034 ne
636 3978 788 4055 ponatur,
813 3990 889 4039 cum
906 3991 1044 4044 ,necesse
1068 3969 1178 4053 fuerit
1220 4023 1247 4061 4

348 4171 610 4178 ——m—

378 4323 420 4400 ll)
439 4321 558 4383 Uncinis
576 4323 688 4403 inclusa
706 4340 747 4407 ex·
759 4324 828 4400 ted,
844 4325 1104 4402 Vrspcadesuota
1123 4333 1202 4389 sunt.
1255 4361 1259 4387 2
1277 4345 1278 4348 ¹

381 4412 422 4484 (2)
446 4413 477 4467 V.
495 4411 530 4466 In
548 4411 643 4483 capite
662 4411 800 4469 linearum
818 4413 986 4485 prenotatis
1005 4414 1118 4471 litteris.
