3120 5136
595 423 710 479 suino
729 423 892 478 ARETINO

196 565 311 633 Tertia
335 567 490 632 conducit
514 577 653 650 sextam,
678 590 784 654 neque
810 579 916 634 mutat
940 568 1120 658 calculum,

199 673 307 739 (lausa
331 677 478 761 septimas
501 697 521 738 a
545 673 686 739 Gamma
713 678 760 758 (1)
787 675 840 739 fac
865 678 965 741 totius
990 676 1145 759 medinm,

200 783 293 847 'lunc
316 784 467 869 aprima
490 784 538 846 sic
562 790 680 847 octava
704 782 810 847 locum
835 785 935 847 sumit
959 786 1141 870 proprium.

199 888 269 953 Iino
293 891 401 976 prima
424 891 467 953 sit
490 912 510 953 a
533 891 780 976 p1·ima,‘neque
805 900 912 954 mutat
937 913 1122 955 numerum.

200 995 253 1061 Sic
276 996 421 1061 secunda
445 997 503 1062 dat
526 996 714 1080 secundam,
740 998 907 1082 tertiaque
931 999 1074 1078 tertiam,

199 1101 326 1182 Quarta
349 1113 513 1190 quartam,
538 1106 654 1190 quinta
678 1106 839 1191 quintam,
865 1125 1001 1189 quaeque
1026 1126 1120 1168 suam
1144 1104 1301 1169 litteram.

198 1208 363 1274 Granium
387 1219 519 1274 acutam
542 1213 652 1295 signat
675 1233 733 1298 per
758 1209 907 1275 eamdem
931 1209 1088 1292 litteram,

198 1314 298 1381 Vocis
322 1317 436 1403 primae
460 1316 502 1381 ad
527 1326 677 1382 octavam
701 1317 755 1382 vel
779 1316 928 1381 eamdem
953 1317 1108 1381 litteram.

194 1422 295 1487 Hanc
319 1423 527 1488 concordiam
551 1446 704 1489 sonorum
727 1423 887 1509 diapason
912 1425 1095 1505 nominant,

196 1529 299 1595 Cuius
322 1553 441 1595 nomen
466 1541 515 1596 est
539 1530 579 1595 de
603 1533 731 1596 eunetis
755 1530 954 1596 translatum
980 1530 1023 1594 ad
1043 1531 1204 1614 litteram,

197 1635 320 1702 Omnes
343 1639 422 1724 quia
446 1637 546 1702 habet
568 1660 676 1720 voces,
700 1637 754 1702 vel
780 1640 858 1722 quia
882 1647 984 1702 totam
1009 1637 1131 1703 lineam

194 1742 261 1808 Per
286 1744 367 1809 duos
390 1746 534 1830 partitur
557 1767 672 1829 passus
696 1745 731 1809 in
757 1744 906 1808 eamdem
932 1745 1093 1827 litteram,

194 1851 245 1916 Ea
269 1851 387 1938 bisque
411 1853 579 1938 geminata
603 1850 861 1916 monochordum
885 1854 1055 1920 terminat.

201 1957 351 2042 Quinque
375 1958 477 2023 habet
499 1961 572 2044 ipsa
595 1969 700 2041 tonos,
726 1957 790 2022 duo
815 1960 998 2023 semitonia.

195 2065 308 2130 Habet
332 2066 366 2129 in
390 2087 424 2130 se
448 2064 612 2152 diapente,
640 2073 740 2150 atque
764 2065 978 2130 diatessaron.

194 2172 346 2236 Maxima
369 2170 640 2259 symphoniarum
663 2176 693 2236 ἃ
717 2194 834 2236 vocum
858 2181 908 2236 est
932 2173 1053 2237 unitas.

198 2279 310 2362 Miror,
336 2288 475 2365 quatuor
498 2277 657 2365 quosdam
681 2278 797 2344 fecisse
821 2280 915 2362 signa
940 2279 1086 2361 vocibus,

200 2385 300 2466 Quasi
325 2386 448 2472 quintae
472 2386 536 2449 sint
560 2384 690 2466 eaedem,
716 2407 855 2471 quarum
881 2386 1029 2471 qiucdam
1049 2385 1228 2468 dissonant,

200 2493 366 2577 Quaedam,
391 2495 542 2579 quamvis
566 2495 633 2557 sint
656 2492 779 2575 affines,
805 2515 869 2556 non
893 2493 1037 2578 perfecte
1061 2507 1253 2560 consonant.

556 2727 637 2792 Item
657 2726 693 2788 de
716 2724 924 2788 divisionibus

200 2918 280 2984 Item
305 2918 446 2984 Gemma
469 2920 509 2983 de
532 2921 669 2983 novenis
692 2919 854 3006 passibus,
880 2940 959 3004 quos
984 2918 1139 3000 diximus,

200 3025 290 3093 Siout
313 3030 453 3113 primam
476 3050 591 3112 passus
616 3029 750 3113 primus,
775 3029 822 3092 sic
847 3027 904 3091 dat
927 3037 1079 3112 quartam
1103 3029 1231 3111 tertius,

199 3133 343 3199 Primam
366 3136 510 3221 quintus,
530 3144 681 3220 quartam
701 3144 821 3215 sextus,
842 3137 982 3219 primam
1001 3159 1114 3200 rursus
1133 3138 1304 3222 septimus.

200 3241 316 3307 Primae
339 3263 468 3327 quoque
491 3263 608 3327 passus
632 3243 755 3326 primus
780 3250 816 3305 ut
841 3242 1019 3306 secundam
1043 3245 1169 3321 statuit,

200 3346 250 3413 Sic
274 3350 443 3415 &tertius
467 3350 501 3412 in
526 3350 641 3433 quinta
665 3347 763 3412 finem
787 3372 883 3413 suum
906 3353 1075 3414 terminat.

199 3453 339 3534 Quintus
363 3455 443 3519 item
468 3455 524 3519 dat
548 3456 736 3539 secundam,
760 3465 874 3520 sextus
900 3460 1049 3542 quintam
1072 3467 1228 3539 renovat,

198 3561 326 3626 Primus
348 3584 477 3647 qnoque
501 3561 541 3626 de
566 3565 736 3648 quaternis
760 3563 908 3628 Gammae
933 3563 1032 3628 dictis
1056 3563 1206 3649 passibus

199 3667 288 3734 Sicut
311 3670 444 3733 tertiam
469 3669 681 3756 demonstrat,
705 3672 753 3735 sio
777 3671 940 3736 secundus
964 3674 1148 3757 septimam.

199 3776 331 3841 Tertius
354 3775 502 3840 eamdem
527 3778 635 3862 signat
659 3777 863 3863 triplicatam
888 3780 1071 3864 septimam.

198 3883 344 3948 Tertiam
368 3906 496 3970 quoque
520 3883 724 3970 quadrando,
748 3894 784 3949 ut
808 3895 937 3950 sextam
961 3887 1130 3950 efficimus.

198 3989 251 4056 Sic
275 4012 354 4056 mcx
377 3990 482 4055 altero
505 3992 540 4054 in
563 4014 662 4076 passu
687 3994 820 4056 tertiam
843 3993 1067 4074 rescribimus,

198 4097 302 4178 Quam
326 4096 519 4183 quadrando
543 4121 655 4162 rursus
679 4109 809 4163 sextam
832 4099 972 4164 alteram
995 4099 1193 4184 perficimus.
1251 4118 1257 4127 '

199 4203 290 4288 Sunt,
315 4206 370 4290 qui
393 4205 521 4269 addunt
544 4206 578 4269 in
602 4207 708 4270 acutis
732 4208 827 4270 iuxta
852 4209 991 4293 primam
1015 4207 1180 4272 litteram:

122 4326 418 4362 X...—

192 4435 227 4508 (1)
246 4438 281 4491 A.
302 4436 373 4504 facit
386 4437 455 4505 ajars.
