3120 5144
290 353 344 409 390
733 351 844 407 GUIDO
865 350 1025 406 annulus)

292 521 425 583 canenti
450 541 578 605 semper
602 518 727 583 chorda
750 526 869 605 quarta
894 517 1061 600 succedat,
1086 526 1123 582 ut
1154 516 1184 582 A
1211 518 1255 582 ad
1284 520 1330 599 D,
1355 517 1415 582 ubi
1444 520 1473 582 si

292 647 452 710 organum
477 649 535 712 per
559 636 693 691 acutum
717 649 738 690 a
764 624 923 711 dupliceS,
944 635 981 689 ut
1005 626 1054 688 sit·
1075 625 1110 689 D
1133 649 1154 689 α
1178 625 1346 691 resonabit
1370 625 1402 688 A
1429 627 1474 711 ad

292 734 327 796 D
343 732 557 814 diatessaron,
576 733 620 796 ad
638 755 659 796 a
683 733 852 819 diapason,
877 733 912 796 D
932 754 1010 796 vero
1035 731 1077 796 ad
1101 742 1276 817 utramque
1299 731 1332 795 A
1359 757 1380 796 e
1402 734 1473 799 dia-

292 847 439 905 tessaron
464 852 487 910 a
510 840 676 925 diapente,
700 864 721 903 a
745 850 878 904 acutum
910 838 953 902 ad
984 813 1153 923 graviores
1177 839 1333 925 diapente
1358 854 1382 912 a
1407 841 1474 904 dia·

293 970 406 1033 pason.
430 949 474 1013 Et
499 951 576 1034 quia
600 949 650 1014 hae
674 957 740 1013 tres
765 949 889 1033 species
908 947 951 1011 ad
970 955 1098 1011 tantam
1130 948 1245 1032 organi
1279 949 1475 1013 societatem

294 1079 327 1120 se
351 1054 548 1141 permiscent
580 1079 618 1121 ac
652 1057 826 1136 suavitate,
864 1064 899 1118 ut
922 1053 1174 1117 similitudinem
1208 1076 1324 1118 vocum
1356 1054 1481 1119 fecisse

293 1164 444 1248 superius
469 1173 546 1227 sunt
570 1172 758 1227 monstratae
783 1160 994 1248 symphoniae,
1019 1160 1091 1225 ideo
1116 1169 1193 1246 apte
1222 1183 1341 1227 vocum
1374 1185 1479 1249 copu-

294 1269 434 1333 lationes
465 1269 630 1353 dicuntur,
663 1291 737 1333 cum
773 1268 969 1354 symphonia
1003 1267 1044 1331 de
1079 1279 1179 1332 cantu
1212 1271 1301 1334 omni
1331 1270 1479 1334 dicatur.

295 1378 403 1442 Dictae
428 1388 538 1440 autem
562 1375 748 1462 diaphoniae
771 1375 905 1440 honest
929 1373 1132 1460 exemplum:

440 1574 585 1642 Diopusou
659 1570 1201 1641 edecdedcccbaqededdc.

439 1665 579 1732 Diopente
651 1662 724 1715 Fau
739 1661 811 1715 nea
827 1661 934 1716 GFFF
941 1661 1080 1717 EDOFG
1093 1660 1202 1716 aeon

746 1852 850 1906 Misere
868 1852 920 1906 mei
938 1853 1027 1908 Deua.

386 2013 569 2068 Dietessuron
602 2014 662 2069 CD
675 2014 706 2067 E
722 2016 744 2079 C
758 2013 787 2066 D
800 2014 830 2065 Ε
842 2015 868 2066 D
884 2012 906 2066 C
924 2011 945 2066 C
963 2012 1026 2067 OB
1039 2013 1065 2065 A
1103 2015 1127 2074 Γ
1167 2012 1347 2068 CDEDDO.

343 2179 424 2243 Haec
447 2185 558 2241 autem
581 2175 687 2262 figura
718 2185 831 2261 aperte
863 2175 1037 2240 emendata
1071 2177 1218 2240 continet
1248 2177 1480 2262 praecedentes

300 2307 396 2350 voces
419 2287 516 2350 huius
539 2283 726 2370 antiphonae
750 2283 903 2346 Miserere
926 2283 986 2345 mei
1004 2284 1104 2365 Deua,
1120 2281 1358 2369 subsequentes
1384 2307 1480 2370 orga-

300 2392 442 2457 nizando
466 2414 524 2477 per
547 2392 762 2471 diatessaron,
787 2388 873 2475 quod
896 2389 1081 2473 vulgariter
1100 2389 1221 2454 dicitur
1244 2411 1409 2475 organum
1429 2395 1478 2474 (1)

301 2521 402 2585 supra
417 2520 506 2580 voce,
518 2498 552 2562 id
570 2506 629 2581 est,
643 2496 703 2560 sub
723 2496 783 2578 his,
798 2495 1025 2580 praecedentes
1039 2505 1152 2561 acutas
1171 2518 1268 2561 voees
1284 2499 1410 2562 retinet
1428 2521 1476 2562 or-

302 2607 492 2691 ganizantes
500 2605 729 2690 pcrdiapente,
743 2603 831 2688 quod
844 2624 1002 2686 organum
1014 2603 1245 2690 dicitursupra
1258 2627 1387 2670 vocem.
1400 2600 1480 2670 Haeo

303 2720 414 2776 autem
437 2711 617 2797 antiphona
641 2710 680 2775 de
705 2712 784 2775 trito
807 2718 893 2792 tono,
919 2710 953 2774 id
977 2721 1027 2775 est
1050 2721 1142 2775 sexto
1166 2719 1274 2792 est,&
1303 2712 1480 2798 deponitur

304 2821 338 2883 in
361 2841 401 2883 ea
424 2841 583 2903 organum
606 2841 709 2904 usque
737 2819 780 2882 ad
811 2818 839 2882 O
860 2839 1006 2901 gravem,
1029 2819 1188 2904 adquam
1213 2841 1377 2905 organum
1401 2843 1476 2884 nou·

257 2972 262 2987 ,.
304 2949 481 3012 numquam
500 2927 679 2991 descendit.
704 2926 798 2992 Siout
821 2928 907 2990 enim
927 2947 1045 3010 graves
1074 2925 1276 2990 descendunt
1305 2948 1418 3011 voces,
1433 2928 1479 2990 sic

262 3066 265 3072 ·
304 3035 487 3100 ascendunt
511 3042 625 3098 acutae.
642 3036 737 3099 Potes
758 3047 780 3105 e
799 3044 931 3098 cantum
947 3056 1022 3098 eum
1041 3052 1163 3122 organo
1180 3037 1203 3094 d
1222 3053 1387 3116 organum
1408 3053 1478 3096 cum

304 3149 416 3222 cantu,
443 3150 603 3225 quantum
626 3140 771 3222 libuerit,
797 3140 967 3226 duplicare
991 3162 1050 3225 par
1073 3139 1250 3224 diapason3
1280 3138 1480 3224 ubicumque

306 3251 394 3315 enim
418 3250 487 3312 eius
511 3247 687 3312 concordia
711 3247 819 3333 fuerit,
843 3246 933 3311 dicta
961 3245 1232 3333 symphoniarum
1262 3247 1392 3331 aptatio
1417 3267 1478 3310 non

306 3355 459 3420 cessabit.

351 3463 436 3528 Cum
459 3466 570 3549 itaque
592 3464 660 3526 iam
683 3464 764 3526 satis
787 3483 902 3526 vocum
926 3460 1092 3546 patefacta
1121 3461 1164 3523 sit
1187 3458 1383 3545 duplicatio,
1408 3481 1481 3544 gra·

308 3590 381 3633 vem
404 3593 424 3632 a
447 3579 585 3635 canente
609 3578 808 3648 succentum,
833 3591 932 3652 more,
952 3591 1014 3654 quo
1033 3591 1092 3631 nos
1112 3569 1245 3648 utimur,
1267 3567 1476 3652 explicemus.

308 3675 464 3762 Superior
491 3700 608 3761 nempe
624 3675 809 3761 diaphoniae
823 3675 936 3739 modus
950 3675 1050 3738 durus
1065 3683 1122 3755 est,
1139 3682 1250 3738 noster
1267 3695 1349 3737 vero
1366 3672 1479 3750 mollis,

308 3782 469 3867 adquam
494 3783 698 3861 semitonium
720 3780 915 3867 &diapente
935 3804 999 3845 non
1023 3782 1243 3863 admittimus3
1267 3789 1382 3843 tonum
1408 3798 1481 3842 vero

310 3903 332 3960 a
356 3889 505 3954 ditonum
529 3903 551 3960 n
574 3890 806 3954 semiditonum
831 3911 906 3953 cum
929 3888 1131 3952 diatessaron
1152 3889 1340 3972 recipimus,
1358 3886 1415 3951 sed
1435 3908 1481 3949 se·

310 3995 504 4060 miditonum
528 3997 562 4060 in
587 3995 638 4061 his
662 3995 856 4079 infimatum,
882 3997 1083 4061 diatessaron
1108 4017 1184 4059 vero
1209 3993 1337 4058 obtinet
1364 3991 1482 4080 princi·

310 4111 435 4187 patum.

349 4375 391 4446 (1)
411 4373 526 4429 Melius:
546 4375 606 4429 seb.
