3030 5138
264 377 316 432 364
710 373 823 429 GUIDO
842 373 1004 430 autumo

262 523 547 589 abundantissime
570 521 725 603 roborati,
749 521 778 586 dr
800 522 970 610 sapientiae
993 520 1112 586 studiis
1135 521 1326 608 plenissime
1345 522 1440 587 ador·

263 634 344 714 nati,
361 632 418 718 qui
439 632 467 694 do
482 632 689 697 commissam
707 627 838 714 plebem
852 651 920 693 una
938 628 1108 693 vobiscum
1126 637 1353 714 competenter
1368 652 1442 694 eru·

264 738 365 822 diant,
379 739 549 803 &Divinae
569 735 838 821 contemplationi
854 735 986 800 assidue
998 735 1027 800 dr
1039 734 1228 820 frequenter
1241 734 1442 800 inhaereant:

265 844 321 909 sed
335 854 373 909 ut
392 867 471 909 meae
489 845 666 931 parvitatis
686 843 847 907 &mentis
864 843 895 905 ‘u
914 842 1059 928 corporis
1083 840 1295 906 imbecillitas
1320 843 1442 907 misera

264 949 358 1017 vobis
380 960 498 1016 vestrae
521 951 656 1038 pietatis
672 950 700 1013 da
718 950 931 1036 paternitatis
947 947 1104 1013 fulciatur
1120 949 1250 1013 munita
1268 949 1441 1034 praesidio:

263 1068 301 1123 ut
316 1061 343 1123 si
364 1058 445 1144 quid
461 1058 543 1123 mihi
563 1057 725 1121 divinitus
741 1056 895 1121 utilitatis
919 1056 1106 1138 accesserit,
1131 1064 1241 1120 vestro
1265 1055 1359 1119 Deus
1385 1057 1443 1119 im·

263 1174 358 1251 putet
372 1166 501 1228 merito.
521 1165 596 1246 Qua
612 1163 654 1227 de
671 1185 707 1228 re
727 1184 801 1227 cum
818 1184 877 1249 pro
894 1160 1127 1227 ecclesiasticis
1143 1161 1346 1226 utilitatibus
1366 1184 1443 1248 age-

263 1279 364 1352 retur,
389 1271 585 1334 exercitium
608 1271 739 1334 musicae
763 1272 846 1335 artis
869 1268 943 1358 (pro
967 1291 1030 1355 quo
1055 1269 1186 1333 favente
1206 1269 1278 1333 Deo
1302 1291 1369 1333 non
1393 1270 1443 1333 in·

253 1400 391 1449 ,cassum
416 1377 593 1442 desudasse
615 1399 667 1442 me
686 1379 833 1461 memini)
855 1385 966 1441 vestra
984 1376 1079 1440 iussit
1101 1377 1281 1441 auctoritas
1301 1376 1441 1463 proferri

262 1486 297 1548 in
320 1483 511 1570 publicum:
536 1493 573 1548 ut
597 1485 683 1549 sicut
705 1482 878 1548 ecclesiam
902 1481 1083 1548 beatissimi
1103 1483 1227 1546 Donati
1247 1483 1442 1569 episcopi&

262 1591 429 1679 martyris,
454 1592 518 1673 cui,
544 1592 615 1656 Deo
639 1599 784 1675 auctore,
808 1591 880 1654 iure
912 1590 1037 1654 vicario
1069 1588 1264 1675 praesidetis,
1295 1588 1443 1654 mirabili

263 1697 400 1760 nimium
424 1697 591 1762 schemate
614 1697 800 1783 peregistis,
832 1698 880 1760 ita
913 1695 1061 1760 eiusdem
1089 1696 1257 1760 ministros
1293 1695 1443 1760 ecclesiae

261 1802 488 1867 honestissimo
513 1803 808 1889 decentissimoque
832 1802 975 1888 quodam
1007 1802 1182 1888 privilegio
1218 1803 1349 1866 cunctis
1373 1802 1441 1866 fere

263 1931 323 1995 per
337 1907 449 1973 orbem
465 1911 594 1974 clericis
611 1909 807 1997 spectabiles
824 1908 1017 1978 redderetis.
1038 1909 1082 1974 Et
1100 1931 1218 1973 revera
1235 1911 1316 1973 satis
1340 1909 1462 1974 habet

263 2015 416 2079 miraculi
441 2016 469 2080 u
492 2017 643 2102 optionis,
667 2038 741 2081 cum
765 2023 884 2081 vestrae
907 2014 1054 2080 ecclcsiae
1070 2018 1170 2080 etiam
1193 2018 1290 2102 pueri
1314 2017 1350 2080 in
1374 2038 1460 2080 mo—

263 2120 401 2186 dulandi
417 2122 699 2208 studioperfectos
714 2121 855 2187 aliorum
873 2145 1108 2209 usquequaque
1122 2122 1268 2187 locorum
1285 2132 1471 2209 superent*

265 2250 368 2311 senes,
392 2231 559 2316 vestrique
582 2229 716 2294 honoris
739 2251 779 2292 ac
802 2230 911 2294 meriti
942 2229 1182 2320 perplurimum
1215 2229 1474 2294 cumulabitur*

262 2334 433 2419 celsitudo,
458 2358 532 2400 cum
555 2345 629 2422 post
651 2338 776 2422 priores
801 2346 910 2422 patres
934 2345 1028 2400 tanta
1050 2359 1089 2400 ac
1108 2335 1185 2400 talis
1208 2337 1356 2401 eeclesiae
1381 2359 1439 2423 per

264 2463 322 2505 vos
346 2442 527 2507 studiorum
551 2445 741 2529 provenerit
776 2442 950 2508 claritudo.
974 2443 1092 2529 Itaque
1123 2444 1201 2529 quia
1231 2452 1342 2509 vestro
1371 2454 1439 2509 tam

263 2547 430 2617 commodo
453 2560 616 2636 praecepto
635 2573 696 2615 nec
711 2551 801 2616 volui
822 2551 995 2633 contraire,
1015 2572 1077 2615 nec
1096 2550 1198 2635 valui,
1218 2553 1318 2616 offero
1341 2552 1439 2616 soler·

262 2655 396 2718 tissimae
419 2657 611 2740 paternitati
637 2666 753 2722 vestrae
776 2657 910 2720 Musicae
935 2658 1014 2721 artis
1037 2656 1180 2742 regulas,
1204 2667 1328 2744 quanto
1358 2656 1438 2734 luci·

263 2761 337 2825 dius
369 2763 397 2826 dt
425 2761 557 2827 brevids
585 2765 686 2849 potui,
711 2787 731 2827 a
765 2763 969 2850 philosophis
1002 2765 1200 2854 explicatam
1231 2789 1293 2830 nec
1328 2776 1438 2830 tamen

263 2868 378 2932 cadem
409 2871 465 2933 via
489 2868 698 2956 adplenum,
723 2893 829 2956 neque
853 2871 976 2935 eisdem
1001 2871 1181 2938 insistendo
1209 2874 1380 2958 vestigiis:
1405 2872 1439 2936 id

263 2974 367 3041 solum
390 2999 581 3062 procurans,
605 2978 692 3063 quod
716 2979 946 3042 aeclesiasticae
979 2979 1216 3065 opportunitati
1251 2980 1436 3065 nostrisque

263 3081 438 3148 subveniat
461 3085 620 3171 parvulis.
645 3084 724 3150 Ideo
757 3085 939 3150 enimhoc
974 3086 1120 3150 studium
1149 3085 1310 3150 hactenus
1340 3085 1436 3150 latuit

262 3190 474 3275 occultatum,
499 3192 578 3277 quia
601 3214 676 3256 cum
705 3215 822 3257 revera
846 3202 930 3256 esset
953 3193 1104 3276 arduum,
1129 3216 1195 3258 non
1224 3204 1274 3258 est
1306 3217 1326 3257 a
1360 3215 1436 3280 quo-

156 3377 159 3380 ,
264 3295 345 3361 libet
378 3298 549 3363 humiliter
583 3300 808 3386 explanatum.
842 3299 938 3381 Quod
972 3323 1036 3386 qua
1070 3302 1241 3365 occasione
1274 3300 1353 3366 olim
1382 3324 1434 3386 ag·

263 3426 392 3487 gressus
416 3407 489 3490 sim,
513 3429 620 3493 quave
639 3407 783 3472 utilitate
803 3410 831 3472 u
849 3410 1039 3492 intentione,
1057 3410 1233 3495 perpaucis
1254 3407 1433 3474 absolvam.

308 3510 456 3596 Eaepliait
478 3513 621 3597 epistola.

559 3795 788 3875 rucrrrr
822 3794 1134 3864 ruonoaus

657 3969 805 4012 urusnnu
829 3969 866 4014 ru
889 3970 1040 4015 musicam
1155 3962 1157 3967 '

308 4152 391 4218 (lum
415 4176 466 4218 me
489 4156 517 4218 du
540 4156 703 4220 naturalis
727 4156 871 4221 conditio
895 4157 923 4221 d
946 4156 1105 4223 bonorum
1130 4159 1271 4223 imitatio
1290 4181 1432 4224 commu·

168 4313 174 4326 ,
262 4259 315 4321 nis
333 4258 487 4324 utilitatis
506 4259 698 4347 diligentem
715 4262 848 4347 faceret,
864 4265 947 4351 coepi
963 4266 1050 4330 inter
1062 4264 1128 4330 alia
1147 4265 1258 4330 studia
1276 4270 1431 4334 musicam

262 4366 395 4431 tradere
414 4371 535 4454 pueris.
560 4370 709 4436 Tandem
733 4371 840 4436 adfuit
862 4373 944 4437 mihi
969 4372 1081 4438 divina
1105 4375 1223 4458 gratia,
1248 4375 1276 4439 d
1301 4377 1430 4462 quidam
