3030 5138
217 488 229 511 ο
293 408 346 461 372
730 403 844 460 GUIDO
865 404 1025 459 ARE'I'INO

293 553 390 634 tonio,
414 551 442 614 du
465 548 592 613 duobus
616 549 701 612 tonis
723 547 916 630 intenditur,
940 555 977 610 ut
993 546 1023 609 A
1042 547 1070 610 du
1087 547 1130 610 D.
1151 546 1324 611 Secundus
1348 544 1465 610 modus

292 666 351 740 est,
374 678 449 720 oum
473 678 539 720 vox
563 653 690 719 duobus
714 655 799 718 tonis
824 654 970 728 remissa,
989 654 1159 716 semitonio
1179 653 1207 716 dr
1226 650 1355 716 duobus
1380 655 1466 716 tonis

292 764 542 844 intenditurjut
561 762 593 824 B
611 762 639 825 da
655 762 696 824 E.
713 761 845 824 Tertius
862 769 910 824 est
929 759 1054 843 modus,
1072 761 1129 844 qui
1148 760 1321 823 semitonio
1341 759 1369 822 di
1390 759 1464 823 duo·

169 860 172 864 ’
292 868 354 934 bus
376 871 463 932 tonis
487 868 663 951 deseendit,
689 866 816 932 duobus
840 889 917 932 vero
941 867 1027 930 tonis
1051 866 1079 929 dr
1103 867 1275 929 semitonio
1306 863 1465 947 aseendit,

292 985 329 1040 ut
351 974 379 1040 C
397 976 423 1038 d
439 976 481 1038 F.
498 973 642 1052 Quartus
661 995 738 1037 vero
755 982 832 1037 tono
852 971 1037 1057 deponitur,
1058 974 1165 1056 surgit
1179 979 1295 1037 autem
1311 993 1371 1057 per
1389 969 1465 1035 duos

291 1092 384 1146 tonos
408 1082 436 1145 a
460 1082 678 1162 semitonium,
699 1090 735 1143 ut
756 1082 803 1162 (1)
828 1079 868 1144 G.
887 1080 932 1142 Et
954 1087 1041 1159 nota,
1067 1079 1153 1164 quod
1176 1101 1210 1142 se
1234 1100 1293 1163 per
1318 1079 1465 1143 ordinem

291 1196 483 1273 sequuntur,
508 1195 546 1250 ut
569 1187 694 1270 primus
713 1187 748 1249 in
769 1184 812 1270 A,
831 1184 992 1249 secundus
1012 1187 1046 1248 in
1066 1184 1108 1262 B,
1129 1187 1246 1249 tertIus
1266 1187 1301 1248 in
1326 1182 1362 1252 G.
1382 1186 1463 1249 Item

293 1296 418 1380 primus
437 1296 472 1357 in
490 1295 536 1371 D,
557 1292 719 1356 secundus
738 1295 773 1356 in
791 1293 829 1373 E,
847 1292 962 1355 tertius
982 1293 1017 1354 in
1036 1292 1077 1369 F,
1098 1299 1232 1376 quartus
1250 1293 1286 1355 in
1308 1291 1350 1356 G.
1365 1294 1462 1355 Item·

293 1423 356 1487 que
379 1411 456 1464 nota
479 1399 538 1465 has
564 1421 682 1464 vocum
706 1400 880 1462 affinitates
899 1421 958 1483 per
974 1394 1177 1463 diatessaron
1198 1397 1400 1485 &diapente
1416 1422 1460 1463 oo-

234 1512 239 1522 '
293 1516 447 1571 structas:
474 1506 504 1568 A
531 1508 617 1570 enim
642 1506 685 1569 ad
709 1504 750 1582 D,
777 1507 804 1569 du
827 1506 859 1567 B
882 1506 925 1568 ad
950 1505 991 1587 E,
1012 1505 1039 1568 d
1062 1503 1090 1568 C
1111 1505 1154 1569 ad
1176 1505 1218 1584 F,
1246 1507 1273 1569 a
1297 1509 1334 1570 D
1357 1508 1399 1570 ad
1425 1506 1459 1583 G,

292 1635 312 1675 a
335 1611 493 1695 gravibus
517 1613 732 1696 diatessaron,
756 1611 798 1676 ab
823 1615 929 1676 acutis
953 1633 1030 1675 vero
1063 1611 1218 1696 diapente
1255 1615 1458 1699 coniungitur

292 1719 353 1783 hoc
376 1719 487 1784 modo:

731 1997 914 2053 Diatessaron

618 2256 802 2312 Diatessaron
838 2114 1327 2344 pg——ss
1024 2258 1167 2328 Diteapen

916 2346 1254 2457 mm

506 2514 689 2570 Diatessaron
765 2461 1026 2586 *Diapente

373 2774 557 2830 Diatessaron
757 2775 896 2845 Diapente

361 2871 743 2972 irritis

784 2902 966 2973 imit

296 2992 844 3151 {Ariona

750 3434 902 3500 CAPUT
924 3434 1010 3500 VIII
1109 3494 1111 3497 .

477 3653 522 3696 nn
544 3652 632 3696 anus
655 3649 911 3723 anrrurrarraus
935 3650 1056 3711 voouu,
1083 3653 1126 3696 nr
1151 3630 1168 3693 b
1192 3652 1235 3695 nr
1258 3629 1286 3713 t.

340 3860 374 3925 Si
392 3881 463 3946 quae
482 3860 553 3924 aliae
570 3870 646 3925 sunt
665 3861 850 3942 affinitates,
868 3882 924 3924 eas
942 3882 1072 3947 quoque
1092 3861 1243 3924 similiter
1267 3861 1454 3928 diatessaron

294 3970 322 4033 du
346 3970 499 4054 diapente
523 3969 683 4034 fecerunt.
706 3969 792 4032 Nam
816 3992 890 4033 oum
914 3969 1073 4054 diapason
1096 3970 1131 4032 in
1155 3991 1188 4032 se
1213 3968 1456 4066 diatessaron&

295 4075 448 4161 diapente
473 4075 603 4165 habeat,
621 4077 649 4140 dr
665 4075 796 4140 easdem
814 4075 941 4140 litteras
961 4078 995 4139 in
1011 4085 1149 4161 utroque
1169 4076 1272 4140 latere
1292 4081 1457 4156 contineat,

294 4204 421 4267 semper
440 4182 474 4245 in
491 4182 599 4248 medio
617 4184 687 4247 eius
703 4185 808 4269 spatio
821 4182 931 4268 aliqua
947 4192 996 4248 est
1011 4183 1131 4265 littera,
1148 4204 1219 4268 quae
1237 4183 1281 4248 ad
1298 4195 1459 4271 utrumque

348 4402 389 4474 (1)
407 4402 495 4472 Lege:
515 4406 547 4458 ut
566 4405 598 4457 D.
621 4403 692 4464 Μ.
712 4420 744 4457 ex
764 4420 842 4475 seqq.
