3120 5144
287 396 341 453 460
732 396 846 453 eume
864 396 1024 452 reuulso

288 546 370 607 Justi
390 547 554 624 epulentur.
679 546 685 559 '
900 547 1040 607 Exultute
1060 547 1131 607 Deo.

289 646 409 723 Respice
428 647 461 707 in
482 666 536 706 me.
900 647 983 707 Dixit
1002 646 1144 707 Dominus
1165 666 1229 725 ego.
1285 722 1287 726 ,

288 743 391 806 Omnis
412 763 493 824 gens.
702 768 704 779 ’
896 747 1040 824 Requiem
1060 749 1199 807 eternum,

432 1357 532 1418 Gloria
743 1357 909 1418 seculorum

807 1494 846 1558 Os
863 1497 949 1575 justi.
970 1507 972 1511 ’
1033 1521 1036 1524 ’

758 1770 790 1813 lli
811 1769 1047 1814 commemoremus

288 1965 676 2062 ffir-:ffr
776 1966 1281 2074 ΞΞΞ

432 2128 534 2190 Glorie
762 2129 928 2189 seculorum

291 2282 405 2344 Diffusa
424 2286 469 2343 est
489 2283 595 2362 gretie.
764 2323 766 2328 -
901 2282 988 2344 Mitte
1008 2302 1139 2343 menum.

290 2381 363 2442 llere
383 2382 524 2443 Dominus
545 2380 652 2444 veniet.
899 2381 1028 2442 Posuisti
1049 2380 1182 2442 Domine.

289 2480 326 2541 In
346 2481 556 2558 splendoribus·
899 2481 944 2541 Tu
965 2499 993 2541 es
1014 2480 1131 2542 Petrus.

291 2578 427 2657 Quinque
447 2580 615 2657 prudentes,
653 2621 655 2624 ψ
901 2577 1001 2640 Simon
1022 2581 1152 2641 Jonnuis.

290 2677 348 2749 Qui
368 2698 414 2738 me
436 2679 573 2758 dignatus
594 2681 647 2738 est.
845 2756 847 2761 Ι
897 2678 1017 2741 Honora
1038 2679 1206 2740 Dominum.

175 2786 178 2796 '
290 2776 348 2848 Qui
367 2777 534 2838 munducat.
898 2778 982 2838 Dixit
1003 2778 1136 2839 Andreas

288 2875 400 2937 Pascha
420 2881 561 2938 nostrum.
587 2959 589 2965 y
895 2877 1032 2938 Oireuibo
1054 2880 1084 2939 et
1104 2877 1273 2940 immolabo.
1367 2916 1369 2922 ·

289 2974 420 3037 Surrexit
440 2973 592 3037 Dominus.

327 3148 388 3209 Iste
409 3147 713 3221 due'eommnniones,
734 3167 792 3224 que
819 3151 992 3225 sequuntur,
1013 3149 1044 3208 id
1065 3150 1124 3209 est:
1145 3149 1270 3210 Panem
1291 3151 1328 3210 de
1349 3154 1421 3226 celo,
1446 3155 1474 3214 et

289 3248 403 3307 Anima
423 3255 532 3307 nostra
553 3247 669 3325 proprie
690 3250 759 3307 sunt
780 3247 816 3306 de
836 3248 942 3324 quinto
963 3251 1032 3309 tono
1054 3249 1084 3308 et
1105 3247 1140 3308 de
1155 3247 1284 3309 secunde
1298 3249 1472 3312 differentis.

288 3349 390 3408 Preter
418 3348 470 3406 hos
491 3349 605 3423 centus,
628 3347 680 3424 qni
700 3348 801 3408 subter
823 3344 964 3424 descripti
985 3351 1062 3421 sunt,
1083 3347 1218 3424 quiesse
1240 3352 1365 3424 possunt
1386 3351 1417 3410 in
1435 3370 1474 3410 ee

224 3493 227 3500 .
289 3467 368 3520 vooe,
390 3466 447 3523 que
468 3447 583 3507 duobus
605 3447 767 3507 intenditur
788 3447 875 3520 tonis,
905 3448 935 3507 et
955 3448 1119 3508 remittitur
1139 3448 1292 3508 semitonio
1316 3450 1346 3509 et
1361 3449 1473 3509 duobus

289 3547 366 3606 tonis
386 3548 432 3606 vel
453 3546 542 3607 etiem
562 3545 672 3620 tribus;
695 3547 764 3605 sunt
784 3546 836 3605 elii
857 3546 1016 3623 perplures,
1039 3545 1092 3622 qni
1113 3564 1172 3606 esse
1193 3565 1251 3606 non
1270 3551 1404 3623 possunt,
1418 3549 1474 3609 nisi

289 3644 319 3705 in
341 3664 375 3705 ee
395 3663 474 3718 voce,
496 3665 553 3722 que
574 3646 707 3705 elevetur
728 3665 779 3723 per
800 3645 872 3705 duos
898 3648 983 3706 tonos
1004 3647 1034 3705 et
1056 3646 1215 3722 deponitur
1245 3649 1315 3706 tono
1337 3650 1367 3709 et
1389 3648 1472 3708 semi·

289 3745 381 3819 tenio,
395 3747 431 3805 ut
444 3748 489 3806 est
516 3748 548 3804 θ.
570 3743 653 3814 Quod
674 3764 739 3805 oum
759 3745 874 3805 venerit
891 3743 996 3805 multis
1010 3744 1066 3805 erit
1086 3745 1275 3822 impromtum
1296 3749 1402 3807 utrum
1421 3765 1472 3807 eu·

288 3845 370 3904 tento
384 3843 515 3918 deutero,
530 3865 568 3904 en
580 3844 666 3923 plage
684 3844 808 3905 tetrardi
822 3864 873 3905 eeu
887 3843 951 3905 triti
975 3843 1171 3905 conferentur.
1193 3844 1355 3906 Prudentia
1376 3848 1471 3908 eutem
1524 3842 1526 3848 ’

288 3945 319 4003 in
338 3944 421 4006 brevi
442 3945 529 4022 plura
550 3944 674 4023 patebit.

290 4077 336 4167 R).
356 4090 551 4168 Aspiciebem.
572 4092 707 4152 Potestas
729 4091 801 4170 ejus.

433 4419 534 4479 Gloria
695 4418 773 4496 petri
844 4435 847 4439 ·
933 4420 963 4478 et
