3120 5136
621 360 735 416 GUIDO
752 359 914 414 ARETINO
1303 360 1356 413 391

228 507 284 573 His
308 511 422 594 itaque
445 514 586 592 quatuor
609 505 794 571 concordiis
813 503 999 590 diaphoniae
1020 514 1153 569 cantum
1171 506 1219 589 (1)
1244 504 1358 571 subse-

137 615 305 700 quitur3
328 623 497 700 troporum
530 635 607 678 vero
635 612 693 675 alii
726 613 807 697 apti,
831 610 891 676 alii
924 613 1078 697 aptiores,
1103 611 1161 677 alii
1192 613 1355 698 aptissimi

140 721 335 788 existunt.
359 721 442 808 Apti
465 730 551 802 sunt,
568 721 625 806 qui
639 741 698 806 per
714 718 816 783 solam
841 718 1047 783 diatessaron
1069 720 1197 806 quartis
1211 742 1232 783 a
1249 741 1283 783 se
1298 741 1354 782 vo-

137 825 266 894 cibus
289 851 451 915 organum
474 827 628 910 reddunt,
645 837 682 891 ut
702 827 858 892 deuterus
874 828 908 891 in
928 828 969 890 B.
989 828 1016 890 de
1034 827 1068 890 E
1075 851 1085 890 :
1106 829 1249 911 aptiores
1268 836 1356 911 sunt,

139 935 237 1016 qui
256 959 322 1002 non
345 935 451 1000 solum
475 936 612 1019 quartis,
637 934 694 998 sed
718 935 825 997 tertiis
841 932 1037 998 &secundis
1056 955 1115 1018 per
1134 943 1246 997 tonum
1264 933 1292 997 ds
1309 955 1355 996 se·

135 1039 216 1100 mi
222 1041 384 1125 ditonum,
408 1043 484 1106 licet
507 1063 592 1123 raro,
616 1041 824 1126 respondent,
843 1049 879 1104 ut
895 1050 1008 1126 protus
1024 1041 1058 1103 in
1077 1039 1122 1104 A.
1137 1041 1165 1103 ds
1183 1041 1227 1104 D.
1243 1038 1357 1124 Aptis-

133 1144 246 1211 simi
273 1171 364 1230 vere,
390 1149 446 1234 qui
469 1148 648 1233 saepissime
679 1148 879 1233 suaviusque
904 1147 938 1211 id
966 1147 1103 1231 faciunt,
1130 1157 1166 1211 ut
1190 1147 1356 1211 tetrardus

128 1247 170 1309 ὁὶ
217 1259 326 1321 tritus
356 1258 391 1319 in
414 1252 451 1319 C.
474 1256 516 1319 F.
542 1253 583 1319 G.
607 1255 668 1320 Hae
692 1256 780 1318 enim
809 1264 885 1319 tono
909 1255 936 1318 de
962 1254 1125 1319 ditono&
1151 1254 1355 1319 diatessaron

125 1354 422 1451 obsequuntur,
446 1385 585 1449 quorum
608 1385 628 1426 a
652 1364 738 1443 trite,
765 1363 800 1427 in
823 1385 919 1448 quem
938 1363 992 1427 vel
1008 1363 1084 1427 finis
1104 1363 1356 1428 distinctionum

120 1461 363 1553 advenerit,
386 1469 439 1534 vel
463 1471 519 1556 qui
542 1470 712 1555 proximus
736 1471 799 1556 ipsi
824 1468 979 1534 finalitati
1004 1470 1139 1553 suberit,
1164 1470 1357 1535 subsecutor

118 1574 284 1643 tamen
317 1599 485 1663 nunquam
517 1576 616 1642 debet
646 1577 854 1658 descendere,
878 1579 943 1641 nisi
974 1577 1029 1642 illo
1063 1576 1235 1642 inferiores
1259 1599 1355 1641 voces

116 1692 291 1750 cantor
316 1684 496 1750 admiserit.
511 1683 543 1749 A
560 1685 637 1748 trito
654 1685 742 1748 enim
766 1683 877 1748 infime
893 1693 951 1748 aut
967 1684 1090 1749 infimis
1112 1684 1262 1770 proxime
1278 1683 1356 1747 sub-

115 1782 289 1858 stituto
315 1793 435 1877 deponi
458 1812 619 1875 organum
642 1811 822 1876 numquam
837 1789 925 1855 lieet.
945 1790 1029 1856 Cum
1045 1812 1123 1855 vero
1144 1799 1258 1854 cantor
1273 1790 1357 1854 infe·

117 1884 276 1963 riores
303 1921 400 1963 voces
424 1898 597 1963 admiserit
619 1919 763 1982 congruo
787 1896 868 1979 loco,
894 1897 921 1961 fi
945 1920 1004 1982 per
1033 1898 1238 1962 diatessaron
1263 1918 1358 1980 orga-

118 2010 248 2068 num
285 2005 481 2090 deponatur,
513 2026 655 2090 moxque
685 2013 722 2068 nt
756 2003 815 2068 illa
848 2005 1099 2069 distinctionum
1130 2006 1277 2091 gravitas
1310 2006 1358 2070 ita

119 2093 352 2193 deseritur,
378 2121 414 2175 ut
437 2112 542 2197 repeti
562 2132 627 2175 non
650 2119 810 2195 speretur,
833 2133 929 2196 quem
952 2114 1045 2196 prius
1069 2109 1232 2176 habuerat
1251 2111 1358 2174 locum

121 2207 370 2284 subsecutor
393 2227 531 2304 repetat,
555 2226 593 2282 ut
616 2216 708 2280 finali
733 2218 816 2300 voci,
841 2219 869 2281 si
893 2219 927 2281 in
951 2240 985 2282 se
1010 2217 1192 2300 devenerit,
1216 2239 1357 2281 comma·

123 2330 262 2416 fleat,
278 2329 307 2391 ds
325 2327 353 2390 si
376 2349 474 2411 super
497 2348 531 2390 se
555 2334 614 2409 est,
630 2326 738 2388 vicino
764 2325 918 2388 decenter
943 2334 1104 2409 occurrat,
1125 2326 1181 2411 qui
1196 2330 1356 2389 ‘occursus

126 2423 249 2494 t0110
278 2433 394 2497 melius
418 2434 470 2514 sit,
492 2432 601 2496 ditono
621 2453 685 2495 non
703 2430 795 2513 adeo,
811 2431 1072 2517 semiditonoque
1091 2454 1282 2518 numquam.
1300 2431 1357 2495 Ad

124 2518 383 2606 diatessaron
399 2562 475 2605 vero
491 2542 551 2605 vix
570 2540 614 2603 sit
633 2560 797 2625 occursus,
817 2561 891 2603 cum
908 2540 1020 2623 gravis
1037 2541 1141 2624 magis
1165 2539 1275 2626 placet
1298 2538 1354 2604 illo

123 2621 237 2704 ¹000
270 2655 456 2711 succentus.
482 2646 578 2728 Quod
601 2655 711 2709 tamen
742 2667 782 2709 ne
815 2647 849 2709 in
877 2644 993 2710 ultima
1022 2646 1236 2711 distinctione
1268 2669 1357 2732 sym-

120 2734 306 2818 Phoniae
322 2755 463 2835 eveniat,
480 2762 529 2817 est
545 2753 740 2816 cavendum.
758 2751 850 2838 Saepe
868 2762 978 2817 autem
995 2776 1070 2817 cum
1087 2754 1258 2818 inferiores
1274 2756 1355 2817 trito

122 2856 271 2926 Voces
292 2873 409 2926 cantor
433 2861 612 2942 admiserit,
637 2881 798 2944 organum
822 2881 1016 2946 suspensum
1041 2870 1189 2924 tenemus
1210 2862 1244 2924 in
1263 2861 1355 2941 trito;

116 2947 254 3030 tune
273 2991 353 3033 vero
371 2990 450 3053 opus
467 2976 526 3049 est,
547 2974 582 3029 ut
598 2967 633 3029 in
651 2964 864 3029 inferioribus
890 2965 1134 3031 distinctionem
1160 2976 1275 3031 cantor
1292 2989 1357 3031 non

115 3042 288 3158 faeiat,
314 3075 371 3139 sed
396 3072 658 3137 discurrentibus
682 3094 756 3139 cum
785 3071 958 3139 celeritate
988 3072 1126 3139 vocibus
1154 3074 1357 3160 praestolanti

112 3157 160 3215 tr
163 3162 251 3241 ito
272 3180 439 3246 redeundo
459 3179 642 3259 subveniat,
664 3185 797 3244 &suum
814 3186 836 3244 te
855 3181 944 3245 illius
963 3181 1052 3246 faeta
1072 3183 1108 3246 in
1127 3181 1353 3267 superioribus

110 3253 389 3352 distinetione
412 3285 562 3371 repellat.
587 3286 672 3351 Item
696 3309 769 3351 cum
789 3309 942 3353 occursus
966 3290 1010 3352 sit
1033 3299 1119 3370 tono,
1147 3289 1295 3352 diutinus
1314 3289 1358 3352 sit

109 3367 206 3444 ten
214 3411 272 3458 or
284 3395 369 3482 finis,
386 3403 423 3456 ut
439 3395 467 3457 ei
488 3396 609 3478 partim
628 3392 857 3479 subsequatur,
870 3397 900 3457 8(
912 3397 1033 3480 partim
1048 3396 1251 3459 concinatur.
1272 3394 1357 3459 Cum

106 3484 256 3562 Vero
280 3501 413 3565 ditonus
437 3501 633 3583 diuturnior,
651 3509 688 3564 ut
707 3521 793 3585 saepe
812 3523 870 3586 per
891 3502 1112 3566 intermissam
1137 3523 1260 3584 vocem,
1280 3500 1358 3564 dum

106 3587 205 3656 vel
262 3630 367 3694 parva
390 3608 434 3672 sit
457 3606 633 3689 obsecuti0,
658 3595 757 3670 etiam
780 3609 850 3671 toni
873 3629 939 3671 non
971 3607 1056 3672 desit
1079 3607 1235 3671 occursio.
1261 3605 1357 3685 Quod

106 3694 259 3778 quia
282 3716 335 3796 sit,
359 3722 437 3778 tunc
462 3698 634 3778 harmonia
656 3712 771 3777 finitur
795 3713 946 3797 deutero:
972 3716 1035 3778 etsi
1058 3723 1175 3779 cantus
1200 3735 1264 3777 non
1284 3734 1357 3797 spe-

107 3801 383 3886 Pal'·u1·ultra
406 3820 450 3884 ad
472 3822 588 3884 tritum
622 3819 830 3902 descendere,
857 3822 937 3885 utile
960 3830 1040 3885 tune
1071 3825 1135 3885 erit
1162 3831 1256 3907 proto
1290 3821 1358 3883 vim

110 3905 295 3996 Ol'gerni
320 3950 492 4013 occupare,
516 3926 792 4012 subsequentibus
823 3926 988 4012 subsequi,
1014 3927 1137 4013 finique
1161 3950 1220 4013 per
1244 3935 1358 3990 tenum

155 4030 335 4101 Qenter
346 4056 528 4100 occurrere.
542 4035 627 4097 Item
639 4056 712 4097 eum
729 4032 803 4118 plus
816 4033 1019 4098 diatessaron
1029 4036 1156 4117 seiungi
1172 4056 1236 4098 non
1249 4033 1358 4113 liceat,

132 4194 464 4245 &—

195 4361 262 4445 (l)
279 4378 369 4448 Lege:
390 4382 498 4432 cantus.
