<?xml version="1.0" encoding="UTF-8"?>
<!DOCTYPE html PUBLIC "-//W3C//DTD XHTML 1.0 Transitional//EN"
    "http://www.w3.org/TR/xhtml1/DTD/xhtml1-transitional.dtd">
<html xmlns="http://www.w3.org/1999/xhtml" xml:lang="en" lang="en">
 <head>
  <title>
</title>
<meta http-equiv="Content-Type" content="text/html;charset=utf-8" />
  <meta name='ocr-system' content='tesseract 3.04.00' />
  <meta name='ocr-capabilities' content='ocr_page ocr_carea ocr_par ocr_line ocrx_word'/>
</head>
<body>
  <div class='ocr_page' id='page_1' title='image "./guidoaretinomon00brangoog/guidoaretinomon00brangoog_0407.png"; bbox 0 0 3120 5136; ppageno 0'>
   <div class='ocr_carea' id='block_1_1' title="bbox 577 392 1311 459">
    <p class='ocr_par' dir='ltr' id='par_1_1' title="bbox 577 392 1311 459">
     <span class='ocr_line' id='line_1_1' title="bbox 577 392 1311 459; baseline -0.004 -10"><span class='ocrx_word' id='word_1_1' title='bbox 577 392 689 459; x_wconf 83' lang='lat' dir='ltr'><strong>GUlDO</strong></span> <span class='ocrx_word' id='word_1_2' title='bbox 709 393 870 450; x_wconf 77' lang='lat' dir='ltr'><strong>ARETINO</strong></span> <span class='ocrx_word' id='word_1_3' title='bbox 1257 395 1311 447; x_wconf 78' lang='lat'><strong>413</strong></span> 
     </span>
    </p>
   </div>
   <div class='ocr_carea' id='block_1_2' title="bbox 137 535 1312 840">
    <p class='ocr_par' dir='ltr' id='par_1_2' title="bbox 137 535 1312 840">
     <span class='ocr_line' id='line_1_2' title="bbox 142 535 1312 626; baseline 0 -24"><span class='ocrx_word' id='word_1_4' title='bbox 142 536 334 624; x_wconf 88' lang='lat' dir='ltr'><strong>ubicumque</strong></span> <span class='ocrx_word' id='word_1_5' title='bbox 352 535 488 620; x_wconf 88' lang='lat' dir='ltr'><strong>viderit,</strong></span> <span class='ocrx_word' id='word_1_6' title='bbox 512 536 693 602; x_wconf 90' lang='lat' dir='ltr'><strong>secundum</strong></span> <span class='ocrx_word' id='word_1_7' title='bbox 709 561 784 604; x_wconf 87' lang='lat' dir='ltr'><strong>suas</strong></span> <span class='ocrx_word' id='word_1_8' title='bbox 807 540 1025 625; x_wconf 80' lang='lat' dir='ltr'><strong>proprietates</strong></span> <span class='ocrx_word' id='word_1_9' title='bbox 1050 539 1146 604; x_wconf 83' lang='lat' dir='ltr'><strong>facile</strong></span> <span class='ocrx_word' id='word_1_10' title='bbox 1168 561 1312 626; x_wconf 91' lang='lat' dir='ltr'><strong>pronun·</strong></span> 
     </span>
     <span class='ocr_line' id='line_1_3' title="bbox 138 643 1310 733; baseline 0.001 -24"><span class='ocrx_word' id='word_1_11' title='bbox 138 646 217 710; x_wconf 88' lang='lat' dir='ltr'><strong>tiare</strong></span> <span class='ocrx_word' id='word_1_12' title='bbox 227 645 359 731; x_wconf 88' lang='lat' dir='ltr'><strong>poterit.</strong></span> <span class='ocrx_word' id='word_1_13' title='bbox 371 643 518 709; x_wconf 87' lang='lat' dir='ltr'><strong>Audiens</strong></span> <span class='ocrx_word' id='word_1_14' title='bbox 527 665 657 730; x_wconf 89' lang='lat' dir='ltr'><strong>quoque</strong></span> <span class='ocrx_word' id='word_1_15' title='bbox 668 644 816 733; x_wconf 81' lang='lat' dir='ltr'><strong>aliquam</strong></span> <span class='ocrx_word' id='word_1_16' title='bbox 833 668 988 711; x_wconf 79' lang='lat' dir='ltr'><strong>neumam</strong></span> <span class='ocrx_word' id='word_1_17' title='bbox 1000 647 1069 711; x_wconf 91' lang='lat' dir='ltr'><strong>sine</strong></span> <span class='ocrx_word' id='word_1_18' title='bbox 1080 646 1310 733; x_wconf 84' lang='lat' dir='ltr'><strong>descriptione,</strong></span> 
     </span>
     <span class='ocr_line' id='line_1_4' title="bbox 137 749 1310 840; baseline 0 -24"><span class='ocrx_word' id='word_1_19' title='bbox 137 751 313 838; x_wconf 84' lang='lat' dir='ltr'><strong>perpende,</strong></span> <span class='ocrx_word' id='word_1_20' title='bbox 342 773 415 838; x_wconf 81' lang='lat' dir='ltr'><strong>quae</strong></span> <span class='ocrx_word' id='word_1_21' title='bbox 438 749 556 817; x_wconf 88' lang='lat' dir='ltr'><strong>harum</strong></span> <span class='ocrx_word' id='word_1_22' title='bbox 579 751 818 836; x_wconf 86' lang='lat' dir='ltr'><strong>particularum</strong></span> <span class='ocrx_word' id='word_1_23' title='bbox 842 755 910 817; x_wconf 89' lang='lat' dir='ltr'><strong>eius</strong></span> <span class='ocrx_word' id='word_1_24' title='bbox 935 752 993 818; x_wconf 90' lang='lat' dir='ltr'><strong>fini</strong></span> <span class='ocrx_word' id='word_1_25' title='bbox 1024 754 1139 820; x_wconf 91' lang='lat' dir='ltr'><strong>melius</strong></span> <span class='ocrx_word' id='word_1_26' title='bbox 1170 761 1310 840; x_wconf 91' lang='lat' dir='ltr'><strong>aptetur,</strong></span> 
     </span>
    </p>
   </div>
   <div class='ocr_carea' id='block_1_3' title="bbox 132 864 1311 3734">
    <p class='ocr_par' dir='ltr' id='par_1_3' title="bbox 135 864 1311 1917">
     <span class='ocr_line' id='line_1_5' title="bbox 136 864 1311 956; baseline 0.001 -26"><span class='ocrx_word' id='word_1_27' title='bbox 136 868 181 930; x_wconf 90' lang='lat' dir='ltr'><strong>ita</strong></span> <span class='ocrx_word' id='word_1_28' title='bbox 209 875 247 931; x_wconf 92' lang='lat' dir='ltr'><strong>ut</strong></span> <span class='ocrx_word' id='word_1_29' title='bbox 277 864 387 930; x_wconf 85' lang='lat' dir='ltr'><strong>finalis</strong></span> <span class='ocrx_word' id='word_1_30' title='bbox 411 887 477 930; x_wconf 82' lang='lat' dir='ltr'><strong>vox</strong></span> <span class='ocrx_word' id='word_1_31' title='bbox 506 888 632 931; x_wconf 77' lang='lat' dir='ltr'><strong>neuma</strong></span> <span class='ocrx_word' id='word_1_32' title='bbox 660 868 687 932; x_wconf 78' lang='lat' dir='ltr'><strong>dr</strong></span> <span class='ocrx_word' id='word_1_33' title='bbox 715 868 910 955; x_wconf 88' lang='lat' dir='ltr'><strong>principalis</strong></span> <span class='ocrx_word' id='word_1_34' title='bbox 938 869 1109 956; x_wconf 84' lang='lat' dir='ltr'><strong>particulae</strong></span> <span class='ocrx_word' id='word_1_35' title='bbox 1139 869 1311 954; x_wconf 81' lang='lat' dir='ltr'><strong>aequisonae</strong></span> 
     </span>
     <span class='ocr_line' id='line_1_6' title="bbox 135 972 1308 1059; baseline 0.001 -23"><span class='ocrx_word' id='word_1_36' title='bbox 135 975 210 1038; x_wconf 89' lang='lat' dir='ltr'><strong>sint.</strong></span> <span class='ocrx_word' id='word_1_37' title='bbox 235 972 419 1059; x_wconf 72' lang='lat' dir='ltr'><strong>(lentusque</strong></span> <span class='ocrx_word' id='word_1_38' title='bbox 443 981 522 1055; x_wconf 89' lang='lat' dir='ltr'><strong>esto,</strong></span> <span class='ocrx_word' id='word_1_39' title='bbox 542 975 621 1059; x_wconf 85' lang='lat' dir='ltr'><strong>quia</strong></span> <span class='ocrx_word' id='word_1_40' title='bbox 644 976 679 1039; x_wconf 88' lang='lat' dir='ltr'><strong>in</strong></span> <span class='ocrx_word' id='word_1_41' title='bbox 703 996 776 1038; x_wconf 88' lang='lat' dir='ltr'><strong>eam</strong></span> <span class='ocrx_word' id='word_1_42' title='bbox 800 996 913 1039; x_wconf 87' lang='lat' dir='ltr'><strong>vocem</strong></span> <span class='ocrx_word' id='word_1_43' title='bbox 933 997 1052 1040; x_wconf 89' lang='lat' dir='ltr'><strong>neuma</strong></span> <span class='ocrx_word' id='word_1_44' title='bbox 1075 973 1170 1039; x_wconf 89' lang='lat' dir='ltr'><strong>finita</strong></span> <span class='ocrx_word' id='word_1_45' title='bbox 1193 982 1252 1058; x_wconf 89' lang='lat' dir='ltr'><strong>est,</strong></span> <span class='ocrx_word' id='word_1_46' title='bbox 1277 975 1308 1037; x_wconf 92' lang='lat' dir='ltr'><strong>in</strong></span> 
     </span>
     <span class='ocr_line' id='line_1_7' title="bbox 137 1080 1310 1169; baseline -0.002 -22"><span class='ocrx_word' id='word_1_47' title='bbox 137 1105 198 1168; x_wconf 89' lang='lat' dir='ltr'><strong>qua</strong></span> <span class='ocrx_word' id='word_1_48' title='bbox 219 1083 419 1147; x_wconf 87' lang='lat' dir='ltr'><strong>conveniens</strong></span> <span class='ocrx_word' id='word_1_49' title='bbox 443 1080 506 1146; x_wconf 88' lang='lat' dir='ltr'><strong>sibi</strong></span> <span class='ocrx_word' id='word_1_50' title='bbox 531 1082 695 1166; x_wconf 89' lang='lat' dir='ltr'><strong>particula</strong></span> <span class='ocrx_word' id='word_1_51' title='bbox 718 1084 847 1169; x_wconf 83' lang='lat' dir='ltr'><strong>incipit.</strong></span> <span class='ocrx_word' id='word_1_52' title='bbox 871 1081 908 1147; x_wconf 85' lang='lat' dir='ltr'><strong>Si</strong></span> <span class='ocrx_word' id='word_1_53' title='bbox 932 1105 1010 1149; x_wconf 88' lang='lat' dir='ltr'><strong>vero</strong></span> <span class='ocrx_word' id='word_1_54' title='bbox 1034 1082 1232 1168; x_wconf 78' lang='lat' dir='ltr'><strong>descriptam</strong></span> <span class='ocrx_word' id='word_1_55' title='bbox 1251 1082 1310 1146; x_wconf 90' lang='lat' dir='ltr'><strong>ali-</strong></span> 
     </span>
     <span class='ocr_line' id='line_1_8' title="bbox 135 1188 1311 1277; baseline -0.001 -22"><span class='ocrx_word' id='word_1_56' title='bbox 135 1212 233 1276; x_wconf 87' lang='lat' dir='ltr'><strong>quam</strong></span> <span class='ocrx_word' id='word_1_57' title='bbox 245 1188 476 1275; x_wconf 82' lang='lat' dir='ltr'><strong>symphoniam</strong></span> <span class='ocrx_word' id='word_1_58' title='bbox 486 1189 686 1274; x_wconf 86' lang='lat' dir='ltr'><strong>incognitam</strong></span> <span class='ocrx_word' id='word_1_59' title='bbox 694 1199 827 1254; x_wconf 86' lang='lat' dir='ltr'><strong>cantare</strong></span> <span class='ocrx_word' id='word_1_60' title='bbox 838 1191 973 1277; x_wconf 88' lang='lat' dir='ltr'><strong>ceperis,</strong></span> <span class='ocrx_word' id='word_1_61' title='bbox 982 1190 1118 1255; x_wconf 92' lang='lat' dir='ltr'><strong>multum</strong></span> <span class='ocrx_word' id='word_1_62' title='bbox 1128 1189 1311 1254; x_wconf 88' lang='lat' dir='ltr'><strong>cavendum</strong></span> 
     </span>
     <span class='ocr_line' id='line_1_9' title="bbox 136 1295 1311 1382; baseline -0.001 -22"><span class='ocrx_word' id='word_1_63' title='bbox 136 1306 191 1380; x_wconf 89' lang='lat' dir='ltr'><strong>est,</strong></span> <span class='ocrx_word' id='word_1_64' title='bbox 204 1304 242 1360; x_wconf 93' lang='lat' dir='ltr'><strong>ut</strong></span> <span class='ocrx_word' id='word_1_65' title='bbox 257 1297 305 1360; x_wconf 86' lang='lat' dir='ltr'><strong>ita</strong></span> <span class='ocrx_word' id='word_1_66' title='bbox 321 1298 453 1382; x_wconf 90' lang='lat' dir='ltr'><strong>proprie</strong></span> <span class='ocrx_word' id='word_1_67' title='bbox 470 1316 735 1382; x_wconf 89' lang='lat' dir='ltr'><strong>unamquamque</strong></span> <span class='ocrx_word' id='word_1_68' title='bbox 750 1295 846 1361; x_wconf 89' lang='lat' dir='ltr'><strong>finias</strong></span> <span class='ocrx_word' id='word_1_69' title='bbox 862 1318 1027 1377; x_wconf 87' lang='lat' dir='ltr'><strong>neumam,</strong></span> <span class='ocrx_word' id='word_1_70' title='bbox 1038 1305 1075 1360; x_wconf 90' lang='lat' dir='ltr'><strong>ut</strong></span> <span class='ocrx_word' id='word_1_71' title='bbox 1091 1296 1204 1360; x_wconf 91' lang='lat' dir='ltr'><strong>eodem</strong></span> <span class='ocrx_word' id='word_1_72' title='bbox 1216 1296 1311 1360; x_wconf 91' lang='lat' dir='ltr'><strong>modo</strong></span> 
     </span>
     <span class='ocr_line' id='line_1_10' title="bbox 136 1401 1311 1490; baseline -0.003 -21"><span class='ocrx_word' id='word_1_73' title='bbox 136 1404 207 1469; x_wconf 87' lang='lat' dir='ltr'><strong>finis</strong></span> <span class='ocrx_word' id='word_1_74' title='bbox 228 1426 353 1468; x_wconf 77' lang='lat' dir='ltr'><strong>neuma</strong></span> <span class='ocrx_word' id='word_1_75' title='bbox 376 1403 460 1468; x_wconf 89' lang='lat' dir='ltr'><strong>bene</strong></span> <span class='ocrx_word' id='word_1_76' title='bbox 484 1405 643 1490; x_wconf 84' lang='lat' dir='ltr'><strong>iungatur</strong></span> <span class='ocrx_word' id='word_1_77' title='bbox 663 1427 737 1469; x_wconf 91' lang='lat' dir='ltr'><strong>cum</strong></span> <span class='ocrx_word' id='word_1_78' title='bbox 755 1405 919 1490; x_wconf 89' lang='lat' dir='ltr'><strong>principio</strong></span> <span class='ocrx_word' id='word_1_79' title='bbox 943 1405 1014 1468; x_wconf 92' lang='lat' dir='ltr'><strong>eius</strong></span> <span class='ocrx_word' id='word_1_80' title='bbox 1037 1401 1219 1489; x_wconf 86' lang='lat' dir='ltr'><strong>particulae,</strong></span> <span class='ocrx_word' id='word_1_81' title='bbox 1241 1424 1311 1487; x_wconf 87' lang='lat' dir='ltr'><strong>quse</strong></span> 
     </span>
     <span class='ocr_line' id='line_1_11' title="bbox 136 1509 1310 1597; baseline -0.004 -21"><span class='ocrx_word' id='word_1_82' title='bbox 136 1511 173 1576; x_wconf 90' lang='lat' dir='ltr'><strong>ab</strong></span> <span class='ocrx_word' id='word_1_83' title='bbox 199 1510 313 1576; x_wconf 87' lang='lat' dir='ltr'><strong>eadem</strong></span> <span class='ocrx_word' id='word_1_84' title='bbox 333 1511 449 1597; x_wconf 89' lang='lat' dir='ltr'><strong>incipit</strong></span> <span class='ocrx_word' id='word_1_85' title='bbox 465 1532 555 1594; x_wconf 88' lang='lat' dir='ltr'><strong>voce,</strong></span> <span class='ocrx_word' id='word_1_86' title='bbox 580 1512 614 1574; x_wconf 90' lang='lat' dir='ltr'><strong>in</strong></span> <span class='ocrx_word' id='word_1_87' title='bbox 633 1532 698 1596; x_wconf 88' lang='lat' dir='ltr'><strong>qua</strong></span> <span class='ocrx_word' id='word_1_88' title='bbox 718 1533 836 1575; x_wconf 89' lang='lat' dir='ltr'><strong>neuma</strong></span> <span class='ocrx_word' id='word_1_89' title='bbox 854 1509 950 1574; x_wconf 88' lang='lat' dir='ltr'><strong>finita</strong></span> <span class='ocrx_word' id='word_1_90' title='bbox 973 1519 1033 1574; x_wconf 87' lang='lat' dir='ltr'><strong>cst.</strong></span> <span class='ocrx_word' id='word_1_91' title='bbox 1051 1509 1141 1593; x_wconf 83' lang='lat' dir='ltr'><strong>Ergo</strong></span> <span class='ocrx_word' id='word_1_92' title='bbox 1161 1519 1198 1573; x_wconf 92' lang='lat' dir='ltr'><strong>ut</strong></span> <span class='ocrx_word' id='word_1_93' title='bbox 1220 1510 1310 1573; x_wconf 91' lang='lat' dir='ltr'><strong>inau-</strong></span> 
     </span>
     <span class='ocr_line' id='line_1_12' title="bbox 137 1616 1310 1706; baseline -0.001 -23"><span class='ocrx_word' id='word_1_94' title='bbox 137 1619 219 1683; x_wconf 92' lang='lat' dir='ltr'><strong>ditos</strong></span> <span class='ocrx_word' id='word_1_95' title='bbox 242 1626 371 1700; x_wconf 88' lang='lat' dir='ltr'><strong>cantus,</strong></span> <span class='ocrx_word' id='word_1_96' title='bbox 396 1639 474 1681; x_wconf 90' lang='lat' dir='ltr'><strong>mox</strong></span> <span class='ocrx_word' id='word_1_97' title='bbox 491 1626 526 1681; x_wconf 91' lang='lat' dir='ltr'><strong>ut</strong></span> <span class='ocrx_word' id='word_1_98' title='bbox 549 1617 731 1705; x_wconf 85' lang='lat' dir='ltr'><strong>descriptos</strong></span> <span class='ocrx_word' id='word_1_99' title='bbox 750 1617 885 1700; x_wconf 85' lang='lat' dir='ltr'><strong>videris,</strong></span> <span class='ocrx_word' id='word_1_100' title='bbox 902 1624 1127 1706; x_wconf 87' lang='lat' dir='ltr'><strong>competenter</strong></span> <span class='ocrx_word' id='word_1_101' title='bbox 1150 1616 1310 1697; x_wconf 83' lang='lat' dir='ltr'><strong>enunties,</strong></span> 
     </span>
     <span class='ocr_line' id='line_1_13' title="bbox 136 1722 1311 1811; baseline -0.003 -21"><span class='ocrx_word' id='word_1_102' title='bbox 136 1736 189 1790; x_wconf 89' lang='lat' dir='ltr'><strong>aut</strong></span> <span class='ocrx_word' id='word_1_103' title='bbox 212 1725 431 1811; x_wconf 89' lang='lat' dir='ltr'><strong>indescriptos</strong></span> <span class='ocrx_word' id='word_1_104' title='bbox 455 1724 592 1790; x_wconf 91' lang='lat' dir='ltr'><strong>audiens</strong></span> <span class='ocrx_word' id='word_1_105' title='bbox 614 1726 680 1791; x_wconf 90' lang='lat' dir='ltr'><strong>cito</strong></span> <span class='ocrx_word' id='word_1_106' title='bbox 705 1724 935 1805; x_wconf 78' lang='lat' dir='ltr'><strong>describendos</strong></span> <span class='ocrx_word' id='word_1_107' title='bbox 954 1722 1037 1789; x_wconf 90' lang='lat' dir='ltr'><strong>bene</strong></span> <span class='ocrx_word' id='word_1_108' title='bbox 1060 1725 1163 1810; x_wconf 90' lang='lat' dir='ltr'><strong>possis</strong></span> <span class='ocrx_word' id='word_1_109' title='bbox 1192 1723 1311 1787; x_wconf 90' lang='lat' dir='ltr'><strong>discer-</strong></span> 
     </span>
     <span class='ocr_line' id='line_1_14' title="bbox 137 1830 817 1917; baseline -0.001 -21"><span class='ocrx_word' id='word_1_110' title='bbox 137 1854 220 1915; x_wconf 89' lang='lat' dir='ltr'><strong>nere,</strong></span> <span class='ocrx_word' id='word_1_111' title='bbox 244 1834 367 1917; x_wconf 92' lang='lat' dir='ltr'><strong>optime</strong></span> <span class='ocrx_word' id='word_1_112' title='bbox 392 1841 423 1896; x_wconf 90' lang='lat' dir='ltr'><strong>te</strong></span> <span class='ocrx_word' id='word_1_113' title='bbox 446 1830 576 1895; x_wconf 89' lang='lat' dir='ltr'><strong>iuvabit</strong></span> <span class='ocrx_word' id='word_1_114' title='bbox 599 1831 670 1896; x_wconf 86' lang='lat' dir='ltr'><strong>haec</strong></span> <span class='ocrx_word' id='word_1_115' title='bbox 691 1835 817 1916; x_wconf 86' lang='lat' dir='ltr'><strong>regula.</strong></span> 
     </span>
    </p>

    <p class='ocr_par' dir='ltr' id='par_1_4' title="bbox 132 1936 1310 2873">
     <span class='ocr_line' id='line_1_15' title="bbox 176 1936 1309 2025; baseline -0.004 -21"><span class='ocrx_word' id='word_1_116' title='bbox 176 1939 308 2004; x_wconf 84' lang='lat' dir='ltr'><strong>Deinde</strong></span> <span class='ocrx_word' id='word_1_117' title='bbox 324 1960 383 2025; x_wconf 90' lang='lat' dir='ltr'><strong>per</strong></span> <span class='ocrx_word' id='word_1_118' title='bbox 402 1937 549 2023; x_wconf 85' lang='lat' dir='ltr'><strong>singulos</strong></span> <span class='ocrx_word' id='word_1_119' title='bbox 568 1960 663 2003; x_wconf 92' lang='lat' dir='ltr'><strong>sonos</strong></span> <span class='ocrx_word' id='word_1_120' title='bbox 682 1938 895 2003; x_wconf 85' lang='lat' dir='ltr'><strong>brevissimas</strong></span> <span class='ocrx_word' id='word_1_121' title='bbox 912 1937 1068 2025; x_wconf 84' lang='lat' dir='ltr'><strong>subposui</strong></span> <span class='ocrx_word' id='word_1_122' title='bbox 1087 1936 1309 2024; x_wconf 88' lang='lat' dir='ltr'><strong>symphonias,</strong></span> 
     </span>
     <span class='ocr_line' id='line_1_16' title="bbox 136 2040 1310 2128; baseline -0.003 -22"><span class='ocrx_word' id='word_1_123' title='bbox 136 2063 273 2128; x_wconf 90' lang='lat' dir='ltr'><strong>quarum</strong></span> <span class='ocrx_word' id='word_1_124' title='bbox 287 2040 466 2127; x_wconf 86' lang='lat' dir='ltr'><strong>particulas</strong></span> <span class='ocrx_word' id='word_1_125' title='bbox 485 2063 561 2106; x_wconf 88' lang='lat' dir='ltr'><strong>cum</strong></span> <span class='ocrx_word' id='word_1_126' title='bbox 577 2041 754 2124; x_wconf 83' lang='lat' dir='ltr'><strong>diligenter</strong></span> <span class='ocrx_word' id='word_1_127' title='bbox 772 2042 966 2127; x_wconf 86' lang='lat' dir='ltr'><strong>inspexeris,</strong></span> <span class='ocrx_word' id='word_1_128' title='bbox 983 2040 1239 2126; x_wconf 88' lang='lat' dir='ltr'><strong>uniuscuiusque</strong></span> <span class='ocrx_word' id='word_1_129' title='bbox 1255 2061 1310 2116; x_wconf 88' lang='lat' dir='ltr'><strong>vo-</strong></span> 
     </span>
     <span class='ocr_line' id='line_1_17' title="bbox 137 2145 1310 2234; baseline -0.003 -23"><span class='ocrx_word' id='word_1_130' title='bbox 137 2150 181 2216; x_wconf 88' lang='lat' dir='ltr'><strong>cis</strong></span> <span class='ocrx_word' id='word_1_131' title='bbox 201 2169 313 2212; x_wconf 89' lang='lat' dir='ltr'><strong>omnes</strong></span> <span class='ocrx_word' id='word_1_132' title='bbox 338 2145 554 2234; x_wconf 86' lang='lat' dir='ltr'><strong>depositiones</strong></span> <span class='ocrx_word' id='word_1_133' title='bbox 578 2147 606 2211; x_wconf 81' lang='lat' dir='ltr'><strong>dr</strong></span> <span class='ocrx_word' id='word_1_134' title='bbox 625 2146 825 2211; x_wconf 82' lang='lat' dir='ltr'><strong>elevationes</strong></span> <span class='ocrx_word' id='word_1_135' title='bbox 842 2169 900 2232; x_wconf 88' lang='lat' dir='ltr'><strong>per</strong></span> <span class='ocrx_word' id='word_1_136' title='bbox 916 2146 1065 2212; x_wconf 89' lang='lat' dir='ltr'><strong>ordinem</strong></span> <span class='ocrx_word' id='word_1_137' title='bbox 1084 2148 1118 2209; x_wconf 91' lang='lat' dir='ltr'><strong>in</strong></span> <span class='ocrx_word' id='word_1_138' title='bbox 1132 2147 1310 2234; x_wconf 22' lang='lat' dir='ltr'><strong>‚principiis</strong></span> 
     </span>
     <span class='ocr_line' id='line_1_18' title="bbox 134 2251 1310 2343; baseline -0.003 -25"><span class='ocrx_word' id='word_1_139' title='bbox 134 2254 278 2340; x_wconf 85' lang='lat' dir='ltr'><strong>ipsarum</strong></span> <span class='ocrx_word' id='word_1_140' title='bbox 300 2252 540 2340; x_wconf 89' lang='lat' dir='ltr'><strong>particularum</strong></span> <span class='ocrx_word' id='word_1_141' title='bbox 563 2252 723 2339; x_wconf 86' lang='lat' dir='ltr'><strong>gaudebis</strong></span> <span class='ocrx_word' id='word_1_142' title='bbox 747 2263 780 2317; x_wconf 88' lang='lat' dir='ltr'><strong>te</strong></span> <span class='ocrx_word' id='word_1_143' title='bbox 798 2253 959 2317; x_wconf 87' lang='lat' dir='ltr'><strong>invenire.</strong></span> <span class='ocrx_word' id='word_1_144' title='bbox 982 2252 1018 2318; x_wconf 85' lang='lat' dir='ltr'><strong>Si</strong></span> <span class='ocrx_word' id='word_1_145' title='bbox 1042 2262 1151 2317; x_wconf 89' lang='lat' dir='ltr'><strong>autem</strong></span> <span class='ocrx_word' id='word_1_146' title='bbox 1175 2251 1237 2343; x_wconf 77' lang='lat' dir='ltr'><strong>hoc</strong></span> <span class='ocrx_word' id='word_1_147' title='bbox 1260 2261 1310 2316; x_wconf 90' lang='lat' dir='ltr'><strong>at·</strong></span> 
     </span>
     <span class='ocr_line' id='line_1_19' title="bbox 136 2357 1309 2447; baseline -0.003 -21"><span class='ocrx_word' id='word_1_148' title='bbox 136 2371 261 2427; x_wconf 87' lang='lat' dir='ltr'><strong>tentare</strong></span> <span class='ocrx_word' id='word_1_149' title='bbox 280 2362 437 2447; x_wconf 91' lang='lat' dir='ltr'><strong>potueris,</strong></span> <span class='ocrx_word' id='word_1_150' title='bbox 456 2368 493 2425; x_wconf 92' lang='lat' dir='ltr'><strong>ut</strong></span> <span class='ocrx_word' id='word_1_151' title='bbox 512 2361 608 2424; x_wconf 90' lang='lat' dir='ltr'><strong>unius</strong></span> <span class='ocrx_word' id='word_1_152' title='bbox 628 2360 655 2423; x_wconf 71' lang='lat' dir='ltr'><strong>d</strong></span> <span class='ocrx_word' id='word_1_153' title='bbox 675 2358 812 2424; x_wconf 88' lang='lat' dir='ltr'><strong>alterius</strong></span> <span class='ocrx_word' id='word_1_154' title='bbox 829 2358 1032 2445; x_wconf 75' lang='lat' dir='ltr'><strong>symphonia</strong></span> <span class='ocrx_word' id='word_1_155' title='bbox 1060 2357 1227 2444; x_wconf 90' lang='lat' dir='ltr'><strong>quaslibet</strong></span> <span class='ocrx_word' id='word_1_156' title='bbox 1253 2381 1309 2422; x_wconf 92' lang='lat' dir='ltr'><strong>vo-</strong></span> 
     </span>
     <span class='ocr_line' id='line_1_20' title="bbox 136 2465 1309 2555; baseline -0.004 -22"><span class='ocrx_word' id='word_1_157' title='bbox 136 2469 232 2534; x_wconf 88' lang='lat' dir='ltr'><strong>lueris</strong></span> <span class='ocrx_word' id='word_1_158' title='bbox 255 2466 435 2555; x_wconf 90' lang='lat' dir='ltr'><strong>particulas</strong></span> <span class='ocrx_word' id='word_1_159' title='bbox 458 2467 647 2547; x_wconf 85' lang='lat' dir='ltr'><strong>moduleris,</strong></span> <span class='ocrx_word' id='word_1_160' title='bbox 664 2467 809 2530; x_wconf 90' lang='lat' dir='ltr'><strong>omnium</strong></span> <span class='ocrx_word' id='word_1_161' title='bbox 828 2488 1023 2535; x_wconf 87' lang='lat' dir='ltr'><strong>neumarum</strong></span> <span class='ocrx_word' id='word_1_162' title='bbox 1043 2465 1193 2531; x_wconf 87' lang='lat' dir='ltr'><strong>difficiles</strong></span> <span class='ocrx_word' id='word_1_163' title='bbox 1214 2465 1309 2529; x_wconf 85' lang='lat' dir='ltr'><strong>valde</strong></span> 
     </span>
     <span class='ocr_line' id='line_1_21' title="bbox 134 2571 1310 2665; baseline -0.003 -25"><span class='ocrx_word' id='word_1_164' title='bbox 134 2584 231 2663; x_wconf 91' lang='lat' dir='ltr'><strong>atque</strong></span> <span class='ocrx_word' id='word_1_165' title='bbox 255 2573 453 2664; x_wconf 86' lang='lat' dir='ltr'><strong>multiplices</strong></span> <span class='ocrx_word' id='word_1_166' title='bbox 476 2575 656 2646; x_wconf 86' lang='lat' dir='ltr'><strong>varietates</strong></span> <span class='ocrx_word' id='word_1_167' title='bbox 680 2571 876 2637; x_wconf 88' lang='lat' dir='ltr'><strong>brevissima</strong></span> <span class='ocrx_word' id='word_1_168' title='bbox 892 2573 920 2637; x_wconf 77' lang='lat' dir='ltr'><strong>a</strong></span> <span class='ocrx_word' id='word_1_169' title='bbox 936 2571 1027 2636; x_wconf 85' lang='lat' dir='ltr'><strong>facili</strong></span> <span class='ocrx_word' id='word_1_170' title='bbox 1051 2571 1167 2658; x_wconf 86' lang='lat' dir='ltr'><strong>regula</strong></span> <span class='ocrx_word' id='word_1_171' title='bbox 1191 2572 1310 2665; x_wconf 89' lang='lat' dir='ltr'><strong>didici·</strong></span> 
     </span>
     <span class='ocr_line' id='line_1_22' title="bbox 135 2677 1310 2765; baseline -0.003 -19"><span class='ocrx_word' id='word_1_172' title='bbox 135 2684 185 2748; x_wconf 91' lang='lat' dir='ltr'><strong>sti.</strong></span> <span class='ocrx_word' id='word_1_173' title='bbox 210 2681 291 2762; x_wconf 77' lang='lat' dir='ltr'><strong>Quae</strong></span> <span class='ocrx_word' id='word_1_174' title='bbox 315 2683 426 2746; x_wconf 90' lang='lat' dir='ltr'><strong>omnia</strong></span> <span class='ocrx_word' id='word_1_175' title='bbox 449 2703 524 2745; x_wconf 93' lang='lat' dir='ltr'><strong>cum</strong></span> <span class='ocrx_word' id='word_1_176' title='bbox 547 2682 608 2744; x_wconf 87' lang='lat' dir='ltr'><strong>vix</strong></span> <span class='ocrx_word' id='word_1_177' title='bbox 631 2679 751 2744; x_wconf 89' lang='lat' dir='ltr'><strong>litteris</strong></span> <span class='ocrx_word' id='word_1_178' title='bbox 767 2688 945 2765; x_wconf 88' lang='lat' dir='ltr'><strong>utcumque</strong></span> <span class='ocrx_word' id='word_1_179' title='bbox 964 2678 1194 2765; x_wconf 83' lang='lat' dir='ltr'><strong>significemus,</strong></span> <span class='ocrx_word' id='word_1_180' title='bbox 1219 2677 1310 2744; x_wconf 89' lang='lat' dir='ltr'><strong>facili</strong></span> 
     </span>
     <span class='ocr_line' id='line_1_23' title="bbox 132 2786 684 2873; baseline -0.002 -21"><span class='ocrx_word' id='word_1_181' title='bbox 132 2795 258 2854; x_wconf 90' lang='lat' dir='ltr'><strong>tantum</strong></span> <span class='ocrx_word' id='word_1_182' title='bbox 282 2787 442 2873; x_wconf 91' lang='lat' dir='ltr'><strong>colloquio</strong></span> <span class='ocrx_word' id='word_1_183' title='bbox 467 2786 684 2855; x_wconf 87' lang='lat' dir='ltr'><strong>denudamus.</strong></span> 
     </span>
    </p>

    <p class='ocr_par' dir='ltr' id='par_1_5' title="bbox 132 2893 1309 3734">
     <span class='ocr_line' id='line_1_24' title="bbox 174 2893 1308 2980; baseline -0.005 -18"><span class='ocrx_word' id='word_1_184' title='bbox 174 2895 268 2962; x_wconf 85' lang='lat' dir='ltr'><strong>Sicut</strong></span> <span class='ocrx_word' id='word_1_185' title='bbox 299 2896 445 2974; x_wconf 86' lang='lat' dir='ltr'><strong>inomni</strong></span> <span class='ocrx_word' id='word_1_186' title='bbox 470 2896 634 2980; x_wconf 91' lang='lat' dir='ltr'><strong>scriptura</strong></span> <span class='ocrx_word' id='word_1_187' title='bbox 658 2894 738 2958; x_wconf 88' lang='lat' dir='ltr'><strong>XX.</strong></span> <span class='ocrx_word' id='word_1_188' title='bbox 763 2894 791 2958; x_wconf 74' lang='lat' dir='ltr'><strong>du</strong></span> <span class='ocrx_word' id='word_1_189' title='bbox 814 2893 898 2958; x_wconf 90' lang='lat' dir='ltr'><strong>IIII.</strong></span> <span class='ocrx_word' id='word_1_190' title='bbox 921 2893 1057 2975; x_wconf 86' lang='lat' dir='ltr'><strong>litteras,</strong></span> <span class='ocrx_word' id='word_1_191' title='bbox 1082 2893 1129 2956; x_wconf 90' lang='lat' dir='ltr'><strong>ita</strong></span> <span class='ocrx_word' id='word_1_192' title='bbox 1160 2893 1308 2957; x_wconf 90' lang='lat' dir='ltr'><strong>inomni</strong></span> 
     </span>
     <span class='ocr_line' id='line_1_25' title="bbox 133 2999 1309 3089; baseline -0.002 -23"><span class='ocrx_word' id='word_1_193' title='bbox 133 3011 231 3077; x_wconf 89' lang='lat' dir='ltr'><strong>cantu</strong></span> <span class='ocrx_word' id='word_1_194' title='bbox 257 3011 382 3089; x_wconf 91' lang='lat' dir='ltr'><strong>septem</strong></span> <span class='ocrx_word' id='word_1_195' title='bbox 407 3010 536 3067; x_wconf 86' lang='lat' dir='ltr'><strong>tantum</strong></span> <span class='ocrx_word' id='word_1_196' title='bbox 554 3000 719 3070; x_wconf 82' lang='lat' dir='ltr'><strong>¹habemus</strong></span> <span class='ocrx_word' id='word_1_197' title='bbox 743 3023 850 3066; x_wconf 89' lang='lat' dir='ltr'><strong>voces.</strong></span> <span class='ocrx_word' id='word_1_198' title='bbox 873 3000 959 3065; x_wconf 91' lang='lat' dir='ltr'><strong>Nam</strong></span> <span class='ocrx_word' id='word_1_199' title='bbox 983 3001 1068 3065; x_wconf 91' lang='lat' dir='ltr'><strong>sicut</strong></span> <span class='ocrx_word' id='word_1_200' title='bbox 1091 3008 1217 3085; x_wconf 88' lang='lat' dir='ltr'><strong>septem</strong></span> <span class='ocrx_word' id='word_1_201' title='bbox 1240 2999 1309 3064; x_wconf 92' lang='lat' dir='ltr'><strong>dies</strong></span> 
     </span>
     <span class='ocr_line' id='line_1_26' title="bbox 133 3105 1307 3192; baseline -0.001 -20"><span class='ocrx_word' id='word_1_202' title='bbox 133 3110 166 3174; x_wconf 91' lang='lat' dir='ltr'><strong>in</strong></span> <span class='ocrx_word' id='word_1_203' title='bbox 182 3107 399 3189; x_wconf 89' lang='lat' dir='ltr'><strong>hebdomada,</strong></span> <span class='ocrx_word' id='word_1_204' title='bbox 420 3108 467 3171; x_wconf 87' lang='lat' dir='ltr'><strong>ita</strong></span> <span class='ocrx_word' id='word_1_205' title='bbox 483 3116 610 3192; x_wconf 89' lang='lat' dir='ltr'><strong>septem</strong></span> <span class='ocrx_word' id='word_1_206' title='bbox 624 3117 702 3171; x_wconf 90' lang='lat' dir='ltr'><strong>sunt</strong></span> <span class='ocrx_word' id='word_1_207' title='bbox 718 3128 814 3172; x_wconf 90' lang='lat' dir='ltr'><strong>voces</strong></span> <span class='ocrx_word' id='word_1_208' title='bbox 831 3109 865 3171; x_wconf 91' lang='lat' dir='ltr'><strong>in</strong></span> <span class='ocrx_word' id='word_1_209' title='bbox 882 3109 1018 3172; x_wconf 88' lang='lat' dir='ltr'><strong>musica.</strong></span> <span class='ocrx_word' id='word_1_210' title='bbox 1035 3105 1118 3171; x_wconf 87' lang='lat' dir='ltr'><strong>Aliae</strong></span> <span class='ocrx_word' id='word_1_211' title='bbox 1135 3128 1223 3188; x_wconf 89' lang='lat' dir='ltr'><strong>vero,</strong></span> <span class='ocrx_word' id='word_1_212' title='bbox 1236 3128 1307 3191; x_wconf 87' lang='lat' dir='ltr'><strong>quae</strong></span> 
     </span>
     <span class='ocr_line' id='line_1_27' title="bbox 132 3197 1309 3302; baseline -0.004 -21"><span class='ocrx_word' id='word_1_213' title='bbox 132 3238 229 3302; x_wconf 89' lang='lat' dir='ltr'><strong>super</strong></span> <span class='ocrx_word' id='word_1_214' title='bbox 252 3223 376 3301; x_wconf 89' lang='lat' dir='ltr'><strong>septem</strong></span> <span class='ocrx_word' id='word_1_215' title='bbox 400 3197 638 3299; x_wconf 85' lang='lat' dir='ltr'><strong>adiunguntur,</strong></span> <span class='ocrx_word' id='word_1_216' title='bbox 657 3213 780 3287; x_wconf 86' lang='lat' dir='ltr'><strong>eaedem</strong></span> <span class='ocrx_word' id='word_1_217' title='bbox 796 3224 884 3297; x_wconf 88' lang='lat' dir='ltr'><strong>sunt,</strong></span> <span class='ocrx_word' id='word_1_218' title='bbox 904 3214 1004 3300; x_wconf 75' lang='lat' dir='ltr'><strong>&amp;per</strong></span> <span class='ocrx_word' id='word_1_219' title='bbox 1025 3215 1135 3289; x_wconf 86' lang='lat' dir='ltr'><strong>omnia</strong></span> <span class='ocrx_word' id='word_1_220' title='bbox 1158 3211 1309 3277; x_wconf 91' lang='lat' dir='ltr'><strong>similiter</strong></span> 
     </span>
     <span class='ocr_line' id='line_1_28' title="bbox 133 3319 1306 3408; baseline -0.004 -20"><span class='ocrx_word' id='word_1_221' title='bbox 133 3331 255 3388; x_wconf 89' lang='lat' dir='ltr'><strong>canunt</strong></span> <span class='ocrx_word' id='word_1_222' title='bbox 278 3323 313 3385; x_wconf 88' lang='lat' dir='ltr'><strong>in</strong></span> <span class='ocrx_word' id='word_1_223' title='bbox 337 3321 427 3386; x_wconf 92' lang='lat' dir='ltr'><strong>nullo</strong></span> <span class='ocrx_word' id='word_1_224' title='bbox 450 3319 639 3404; x_wconf 90' lang='lat' dir='ltr'><strong>dissimiles,</strong></span> <span class='ocrx_word' id='word_1_225' title='bbox 663 3323 727 3385; x_wconf 91' lang='lat' dir='ltr'><strong>nisi</strong></span> <span class='ocrx_word' id='word_1_226' title='bbox 752 3322 839 3408; x_wconf 91' lang='lat' dir='ltr'><strong>quod</strong></span> <span class='ocrx_word' id='word_1_227' title='bbox 862 3322 962 3387; x_wconf 88' lang='lat' dir='ltr'><strong>altius</strong></span> <span class='ocrx_word' id='word_1_228' title='bbox 982 3321 1157 3408; x_wconf 87' lang='lat' dir='ltr'><strong>dupliciter</strong></span> <span class='ocrx_word' id='word_1_229' title='bbox 1178 3331 1306 3384; x_wconf 90' lang='lat' dir='ltr'><strong>sonant.</strong></span> 
     </span>
     <span class='ocr_line' id='line_1_29' title="bbox 132 3426 1307 3517; baseline -0.004 -23"><span class='ocrx_word' id='word_1_230' title='bbox 132 3429 277 3517; x_wconf 82' lang='lat' dir='ltr'><strong>ideoque</strong></span> <span class='ocrx_word' id='word_1_231' title='bbox 301 3436 427 3512; x_wconf 88' lang='lat' dir='ltr'><strong>septem</strong></span> <span class='ocrx_word' id='word_1_232' title='bbox 450 3426 588 3504; x_wconf 87' lang='lat' dir='ltr'><strong>dicimus</strong></span> <span class='ocrx_word' id='word_1_233' title='bbox 608 3449 735 3512; x_wconf 85' lang='lat' dir='ltr'><strong>graves,</strong></span> <span class='ocrx_word' id='word_1_234' title='bbox 752 3439 876 3515; x_wconf 88' lang='lat' dir='ltr'><strong>septem</strong></span> <span class='ocrx_word' id='word_1_235' title='bbox 902 3451 980 3497; x_wconf 82' lang='lat' dir='ltr'><strong>vero</strong></span> <span class='ocrx_word' id='word_1_236' title='bbox 1005 3449 1158 3492; x_wconf 89' lang='lat' dir='ltr'><strong>vocamus</strong></span> <span class='ocrx_word' id='word_1_237' title='bbox 1183 3436 1307 3490; x_wconf 88' lang='lat' dir='ltr'><strong>acutas.-</strong></span> 
     </span>
     <span class='ocr_line' id='line_1_30' title="bbox 133 3532 1308 3622; baseline -0.003 -22"><span class='ocrx_word' id='word_1_238' title='bbox 133 3535 263 3622; x_wconf 86' lang='lat' dir='ltr'><strong>Septem</strong></span> <span class='ocrx_word' id='word_1_239' title='bbox 296 3544 407 3599; x_wconf 87' lang='lat' dir='ltr'><strong>autem</strong></span> <span class='ocrx_word' id='word_1_240' title='bbox 437 3533 554 3609; x_wconf 82' lang='lat' dir='ltr'><strong>litterae</strong></span> <span class='ocrx_word' id='word_1_241' title='bbox 589 3556 655 3598; x_wconf 91' lang='lat' dir='ltr'><strong>non</strong></span> <span class='ocrx_word' id='word_1_242' title='bbox 688 3533 876 3620; x_wconf 87' lang='lat' dir='ltr'><strong>dupliciter,</strong></span> <span class='ocrx_word' id='word_1_243' title='bbox 901 3534 958 3614; x_wconf 87' lang='lat' dir='ltr'><strong>sed</strong></span> <span class='ocrx_word' id='word_1_244' title='bbox 993 3534 1194 3609; x_wconf 89' lang='lat' dir='ltr'><strong>dissimiliter</strong></span> <span class='ocrx_word' id='word_1_245' title='bbox 1226 3532 1308 3598; x_wconf 88' lang='lat' dir='ltr'><strong>desi·</strong></span> 
     </span>
     <span class='ocr_line' id='line_1_31' title="bbox 134 3622 500 3734; baseline 0 -30"><span class='ocrx_word' id='word_1_246' title='bbox 134 3622 279 3734; x_wconf 80' lang='lat' dir='ltr'><strong>guantur</strong></span> <span class='ocrx_word' id='word_1_247' title='bbox 302 3641 363 3706; x_wconf 91' lang='lat' dir='ltr'><strong>hoc</strong></span> <span class='ocrx_word' id='word_1_248' title='bbox 386 3640 500 3719; x_wconf 88' lang='lat' dir='ltr'><strong>modo:</strong></span> 
     </span>
    </p>
   </div>
   <div class='ocr_carea' id='block_1_4' title="bbox 408 3791 1021 3951">
    <p class='ocr_par' dir='ltr' id='par_1_6' title="bbox 408 3791 1021 3951">
     <span class='ocr_line' id='line_1_32' title="bbox 408 3791 1021 3951; baseline 0.003 -35"><span class='ocrx_word' id='word_1_249' title='bbox 408 3948 409 3951; x_wconf 7' lang='grc' dir='ltr'><strong>Ἴ</strong></span> <span class='ocrx_word' id='word_1_250' title='bbox 451 3863 486 3925; x_wconf 82' lang='grc' dir='ltr'><strong>Γ.</strong></span> <span class='ocrx_word' id='word_1_251' title='bbox 514 3791 1021 3934; x_wconf 55' lang='grc' dir='ltr'><strong>ΑΒΟΒΕΓθαὴοάσΜαὺθᾱ</strong></span> 
     </span>
    </p>
   </div>
   <div class='ocr_carea' id='block_1_5' title="bbox 131 3934 1308 4479">
    <p class='ocr_par' dir='ltr' id='par_1_7' title="bbox 923 3934 1029 3991">
     <span class='ocr_line' id='line_1_33' title="bbox 923 3934 1029 3991; baseline -0.009 -2"><span class='ocrx_word' id='word_1_252' title='bbox 923 3934 1029 3991; x_wconf 84' lang='lat' dir='ltr'><strong>abed.</strong></span> 
     </span>
    </p>

    <p class='ocr_par' dir='ltr' id='par_1_8' title="bbox 131 4066 1308 4479">
     <span class='ocr_line' id='line_1_34' title="bbox 174 4066 1306 4161; baseline 0.006 -30"><span class='ocrx_word' id='word_1_253' title='bbox 174 4067 240 4161; x_wconf 67' lang='lat' dir='ltr'><strong>Qui</strong></span> <span class='ocrx_word' id='word_1_254' title='bbox 254 4089 333 4133; x_wconf 87' lang='lat' dir='ltr'><strong>vero</strong></span> <span class='ocrx_word' id='word_1_255' title='bbox 349 4066 604 4137; x_wconf 91' lang='lat' dir='ltr'><strong>monochordum</strong></span> <span class='ocrx_word' id='word_1_256' title='bbox 617 4069 782 4136; x_wconf 87' lang='lat' dir='ltr'><strong>desiderat</strong></span> <span class='ocrx_word' id='word_1_257' title='bbox 798 4070 918 4154; x_wconf 85' lang='lat' dir='ltr'><strong>facere,</strong></span> <span class='ocrx_word' id='word_1_258' title='bbox 931 4072 958 4136; x_wconf 79' lang='lat' dir='ltr'><strong>a</strong></span> <span class='ocrx_word' id='word_1_259' title='bbox 971 4073 1146 4159; x_wconf 84' lang='lat' dir='ltr'><strong>qualitates</strong></span> <span class='ocrx_word' id='word_1_260' title='bbox 1162 4072 1190 4136; x_wconf 79' lang='lat' dir='ltr'><strong>dr</strong></span> <span class='ocrx_word' id='word_1_261' title='bbox 1205 4093 1306 4158; x_wconf 84' lang='lat' dir='ltr'><strong>quan·</strong></span> 
     </span>
     <span class='ocr_line' id='line_1_35' title="bbox 131 4174 1307 4256; baseline 0.004 -19"><span class='ocrx_word' id='word_1_262' title='bbox 131 4175 251 4256; x_wconf 84' lang='lat' dir='ltr'><strong>titates,</strong></span> <span class='ocrx_word' id='word_1_263' title='bbox 286 4174 580 4239; x_wconf 73' lang='lat' dir='ltr'><strong>similitudines&amp;</strong></span> <span class='ocrx_word' id='word_1_264' title='bbox 613 4174 895 4241; x_wconf 89' lang='lat' dir='ltr'><strong>dissimilitudines</strong></span> <span class='ocrx_word' id='word_1_265' title='bbox 927 4200 1081 4242; x_wconf 88' lang='lat' dir='ltr'><strong>sonorum</strong></span> <span class='ocrx_word' id='word_1_266' title='bbox 1114 4186 1307 4244; x_wconf 87' lang='lat' dir='ltr'><strong>tonorumve</strong></span> 
     </span>
     <span class='ocr_line' id='line_1_36' title="bbox 131 4277 1308 4379; baseline 0.007 -36"><span class='ocrx_word' id='word_1_267' title='bbox 131 4277 328 4379; x_wconf 85' lang='lat' dir='ltr'><strong>discernere,</strong></span> <span class='ocrx_word' id='word_1_268' title='bbox 350 4282 573 4367; x_wconf 89' lang='lat' dir='ltr'><strong>paucissimas,</strong></span> <span class='ocrx_word' id='word_1_269' title='bbox 597 4304 680 4368; x_wconf 88' lang='lat' dir='ltr'><strong>quas</strong></span> <span class='ocrx_word' id='word_1_270' title='bbox 709 4282 918 4367; x_wconf 85' lang='lat' dir='ltr'><strong>subiecimus,</strong></span> <span class='ocrx_word' id='word_1_271' title='bbox 946 4285 1079 4370; x_wconf 84' lang='lat' dir='ltr'><strong>regulas</strong></span> <span class='ocrx_word' id='word_1_272' title='bbox 1103 4288 1308 4373; x_wconf 88' lang='lat' dir='ltr'><strong>summopere</strong></span> 
     </span>
     <span class='ocr_line' id='line_1_37' title="bbox 131 4380 1307 4479; baseline 0.007 -29"><span class='ocrx_word' id='word_1_273' title='bbox 131 4381 263 4452; x_wconf 76' lang='lat' dir='ltr'><strong>‘studeat</strong></span> <span class='ocrx_word' id='word_1_274' title='bbox 281 4387 534 4479; x_wconf 79' lang='lat' dir='ltr'><strong>intelligerein</strong></span> <span class='ocrx_word' id='word_1_275' title='bbox 553 4380 772 4469; x_wconf 86' lang='lat' dir='ltr'><strong>monochordo</strong></span> <span class='ocrx_word' id='word_1_276' title='bbox 792 4399 902 4473; x_wconf 82' lang='lat' dir='ltr'><strong>autem</strong></span> <span class='ocrx_word' id='word_1_277' title='bbox 921 4392 994 4474; x_wconf 87' lang='lat' dir='ltr'><strong>istis</strong></span> <span class='ocrx_word' id='word_1_278' title='bbox 1012 4391 1132 4477; x_wconf 89' lang='lat' dir='ltr'><strong>litteris</strong></span> <span class='ocrx_word' id='word_1_279' title='bbox 1148 4391 1202 4458; x_wconf 87' lang='lat' dir='ltr'><strong>vel</strong></span> <span class='ocrx_word' id='word_1_280' title='bbox 1218 4415 1307 4458; x_wconf 91' lang='lat' dir='ltr'><strong>men·</strong></span> 
     </span>
    </p>
   </div>
   <div class='ocr_carea' id='block_1_6' title="bbox 0 0 1564 5136">
    <p class='ocr_par' dir='ltr' id='par_1_9' title="bbox 0 0 1564 5136">
     <span class='ocr_line' id='line_1_38' title="bbox 0 0 1564 5136; baseline 0 1"><span class='ocrx_word' id='word_1_281' title='bbox 0 0 1564 5136; x_wconf 95' lang='lat' dir='ltr'><strong> </strong></span> 
     </span>
    </p>
   </div>
  </div>
 </body>
</html>
