3120 5144
1081 73 1148 100 'aba‘

1230 128 1289 150 ltu-h

295 153 350 208 402
736 149 850 205 cumo
869 148 1032 206 ARETINO
1299 154 1370 180 '³³¹⁵-
1401 192 1451 210 μ
1493 225 1498 230 „

231 388 232 391 Ἴ
341 294 491 377 Quatuor
514 317 556 358 ex
580 292 700 379 quibus
723 293 829 358 modis
852 302 925 359 ooto
948 292 1068 361 dehinc
1091 293 1243 377 facimus,

341 402 429 482 Quia
451 401 568 487 gravia
591 403 621 464 &
644 398 712 464 alta
736 401 869 466 cantica
892 399 1121 484 discernimus,

340 510 425 575 Cum
448 507 622 574 authentos
645 517 744 595 atque
767 508 881 594 plagas
904 529 994 573 more
1017 531 1123 594 graeco
1147 508 1307 576 diximus.

628 741 711 806 Item
733 740 770 805 de
792 741 956 804 authentia
980 750 1010 811 &
1031 739 1140 827 plapie

342 937 410 1000 Alti
434 944 551 1000 cantus
574 943 651 1000 sunt
673 934 835 1018 authenti,
859 957 978 1020 graves
1002 934 1119 1022 plagas
1142 936 1328 1001 nominant.

341 1043 495 1130 Dumque
519 1051 659 1129 quatuor
681 1043 716 1107 in
739 1045 827 1108 tonis
848 1041 910 1108 hoc
933 1052 1112 1129 utrumque
1136 1052 1340 1130 supputantq

341 1150 424 1215 Octo
448 1149 604 1215 formulas
627 1157 780 1215 tonorum
803 1148 857 1214 vel
880 1149 1053 1215 modorum
1079 1149 1240 1215 indicant.

342 1259 461 1322 Protus
485 1266 535 1321 est
557 1255 736 1321 authentus
759 1257 895 1342 primus,
919 1255 1027 1342 plagis
1050 1258 1136 1343 proti
1160 1256 1336 1338 secundus,

344 1364 508 1428 Deutcrus
531 1362 709 1428 authentus
732 1372 852 1446 exstat,
878 1364 1012 1428 tertium
1037 1385 1136 1449 quem
1158 1363 1317 1445 dicimus.

343 1469 489 1550 Quartus
512 1471 577 1534 erit
599 1471 705 1556 plagis
728 1471 807 1553 eius,
831 1470 946 1536 ordine
970 1474 1025 1558 qui
1050 1474 1208 1560 sequitur.

343 1580 486 1661 Quintus
511 1588 559 1643 est
583 1578 760 1644 authentus
783 1581 892 1662 tritus,
917 1590 1030 1645 sextus
1054 1590 1103 1646 est
1127 1580 1234 1666 plagis
1257 1582 1374 1667 ipsius.

341 1690 430 1753 Hinc
453 1688 631 1753 authentus
654 1697 704 1752 est
728 1688 905 1772 tetrardus,
931 1711 1027 1775 quem
1052 1712 1207 1754 vocamus
1230 1693 1423 1777 septimum,

343 1796 455 1882 Plagis
479 1797 618 1862 tetrardi
641 1805 787 1878 octavus,
813 1797 989 1884 septimum
1012 1798 1069 1883 qui
1093 1799 1252 1883 sequitur.

343 1906 490 1987 Quorum
514 1905 579 1970 duo
602 1928 703 1970 unam
727 1927 843 1970 vocem
865 1913 989 1989 tenent,
1012 1916 1049 1970 ut
1072 1905 1300 1992 praediximus,

344 2016 431 2097 Quia
454 2035 572 2079 vocum
595 2013 630 2077 in
652 2020 773 2076 natura
795 2021 936 2098 quatuor
961 2021 1038 2077 sunt
1061 2015 1183 2096 verius,

344 2120 433 2201 Quos
456 2122 484 2184 si
508 2120 605 2206 sapis,
629 2118 692 2182 hac
716 2119 751 2183 in
773 2128 846 2184 arte
869 2119 954 2184 nihil
976 2129 1026 2184 est
1048 2120 1173 2184 utilius.

322 2264 389 2318 VH.
408 2263 434 2316 I.
471 2260 533 2316 HI.
574 2263 607 2317 V.
639 2261 664 2315 I.
697 2259 757 2314 ΠΙ.
795 2262 827 2316 V.
862 2261 931 2316 VII.
964 2262 988 2316 Ι.
1020 2262 1079 2316 ΠΙ
1131 2263 1163 2317 V.
1195 2262 1222 2316 1.
1253 2261 1315 2315 HI.
1355 2264 1386 2318 V.
1409 2262 1467 2336 VH,

331 2355 364 2414 Γ.
401 2354 439 2408 A.
479 2355 517 2413 B.
567 2351 597 2406 U.
637 2354 672 2406 D.
713 2353 751 2404 E.
794 2351 830 2404 F.
871 2351 905 2405 G.
960 2368 978 2404 a
1033 2351 1157 2423 h.(l)e.
1194 2351 1222 2405 d.
1273 2369 1294 2406 e.
1357 2351 1377 2419 f.
1427 2369 1452 2421 y.

304 2443 389 2497 VIII.
402 2443 448 2497 II.
462 2441 540 2496 1111.
558 2439 664 2500 ΗΠ.
678 2439 759 2495 ΠΗ.
777 2438 824 2495 VI.
845 2440 928 2494 VHI.
942 2440 984 2494 II.
998 2440 1079 2496 1111.
1115 2440 1164 2495 VI.
1179 2441 1223 2495 II.
1238 2440 1321 2496 IIII.
1338 2443 1386 2498 VI.
1402 2437 1498 2497 Vm?

1017 2565 1038 2621 1

1015 2657 1139 2711 abed

1016 2736 1139 2807 ahod

1002 2837 1040 2891 ΙΙ

766 3052 817 3116 Dc
840 3051 1014 3123 Finalibue

348 3247 508 3328 Quamvis
532 3269 644 3313 omnes
667 3268 764 3311 voces
788 3256 905 3312 cantus
927 3254 1027 3333 atque
1050 3228 1163 3310 modos
1185 3245 1320 3311 habeat.
1402 3239 1419 3334 s

348 3356 429 3420 Eius
452 3366 563 3421 tamen
586 3358 649 3419 erit
670 3353 770 3436 modi,
796 3376 894 3441 quem
917 3351 1029 3423 finalis
1050 3361 1193 3418 resonat.

348 3462 433 3527 Nam
457 3461 500 3526 ah
523 3464 594 3549 ipso
617 3463 718 3526 sumit
741 3482 900 3542 normam,
926 3460 1069 3547 qualiter
1092 3481 1127 3524 se
1151 3457 1287 3524 habeat.
1382 3450 1397 3551 J

348 3569 472 3634 Vocem
495 3577 648 3654 quartam
673 3576 773 3656 atque
797 3568 957 3655 quintam,
983 3574 1115 3631 sextam
1134 3577 1235 3653 atque
1259 3567 1346 3653 septi
1372 3569 1376 3573 ’

348 3674 483 3740 Finales
505 3673 677 3740 habemus.
701 3675 797 3740 Multi
821 3675 893 3740 sine
917 3673 1105 3739 differentia

349 3781 559 3868 Ubicumque
582 3792 710 3868 ponunt
733 3781 814 3846 fines
837 3782 923 3847 siout
946 3785 976 3846 &
999 3781 1167 3867 principia

351 3888 482 3977 Quique
505 3899 621 3956 cantus
644 3890 686 3955 ad
710 3900 845 3956 octavas
868 3889 946 3956 salit
968 3877 1175 3979 regulariter,
1235 3955 1237 3957 ,
1282 3956 1283 3959 ,
1352 3880 1356 3898 ³

343 4163 383 4235 (d)
404 4165 431 4220 b.
448 4163 558 4221 durum.
