3120 5144
496 416 609 472 GUIDO
629 413 789 470 ruarmo
1178 411 1230 466 385

101 564 136 630 Si
160 575 272 631 autem
296 586 368 630 eam
392 563 443 629 vis
466 561 596 649 plenius
629 558 776 646 proferre
802 581 868 623 non
900 557 1122 646 liquefaciens.
1147 555 1232 621 nihil

63 683 160 757 nocet,
183 695 269 760 saepe
292 680 402 737 autem
426 670 532 754 magis
556 669 674 755 placet.
698 667 744 731 Et
767 667 887 750 omnia,
904 689 975 753 quae
999 666 1155 750 diximus,
1170 688 1231 730 neo

62 782 149 848 nimis
172 804 261 864 raro,
284 802 346 846 nec
369 779 468 843 nimis
492 780 648 842 continue
671 775 785 857 facias,
809 775 866 840 sed
890 797 964 840 cum
988 775 1196 840 discretione.

514 989 666 1054 CAPUT
689 989 774 1053 XVI

174 1157 220 1200 DE
242 1154 438 1199 MULTIPLIOI
463 1152 659 1198 VARIETATE
683 1152 836 1198 SONORUM
860 1151 903 1196 ET
927 1149 1115 1198 NEUMARUM

99 1314 184 1380 Illud
208 1335 287 1378 vero
304 1333 368 1376 non
384 1309 482 1375 debet
505 1311 628 1374 mirum
648 1309 763 1391 videri,
784 1332 842 1373 cur
862 1289 961 1374 tanta·
978 1311 1073 1393 copia
1097 1317 1164 1373 tem
1181 1309 1230 1373 di-

63 1444 223 1488 versorum
247 1431 403 1486 cantuum
422 1429 490 1483 tam
509 1419 624 1504 paucis
646 1417 786 1482 formata
810 1419 853 1481 sit
870 1415 1014 1497 vocibus,
1040 1437 1111 1502 quae
1136 1437 1231 1480 voces

61 1531 205 1597 nonnisi
231 1550 290 1593 sex
313 1526 428 1610 modis,
452 1536 488 1590 ut
512 1525 669 1608 diximus,
694 1524 756 1589 sibi
787 1526 966 1610 iungantur
995 1533 1062 1588 tom
1085 1545 1143 1608 per
1167 1522 1230 1586 ele-

62 1640 222 1704 vationem
253 1656 350 1721 quam
381 1657 440 1720 per
470 1633 720 1719 depositionem,
746 1654 819 1696 curn
844 1640 867 1697 tr
890 1631 930 1695 de
958 1633 1073 1716 paucis
1102 1631 1230 1711 litteris,

61 1747 114 1808 etsi
138 1765 204 1807 non
228 1741 408 1828 perplures,
433 1739 652 1805 conficiantur
681 1739 828 1826 syllabae,
852 1739 973 1824 poterit
1005 1738 1092 1802 euim
1120 1737 1232 1822 colligi

59 1872 209 1916 numerus
234 1847 452 1935 syllabarum,
482 1847 614 1911 infinita
644 1857 755 1910 tamen
786 1847 931 1931 partium
961 1844 1134 1931 pluralitas
1157 1866 1233 1909 con-

59 1959 160 2024 crevit
185 1979 228 2020 ex
252 1954 396 2042 syllabis,
422 1967 445 2024 tr
468 1955 502 2017 in
525 1954 638 2017 metris
658 1953 698 2018 de
718 1954 832 2038 paucis
857 1941 996 2038 pedibus
1021 1974 1120 2037 quam
1136 1952 1233 2037 plura

58 2063 135 2128 fiunt
160 2083 283 2148 genera
306 2071 495 2132 metrorum,
521 2073 543 2130 e
566 2061 663 2124 unius
687 2061 819 2144 generis
844 2068 984 2123 metrum
1008 2058 1160 2145 plurimis
1176 2083 1232 2124 va-

58 2170 231 2237 rietatibus
255 2170 424 2233 invenitur
443 2168 621 2251 diversum,
638 2176 674 2231 ut
691 2168 936 2248 hexametrum,
962 2167 1048 2252 quod
1072 2168 1232 2253 quomodo

58 2279 121 2361 fiat,
146 2278 283 2342 videant
306 2277 525 2362 grammatici,
549 2277 704 2362 quoniam
725 2275 808 2340 illud
828 2274 937 2339 dicere
957 2276 1093 2340 alterius
1113 2285 1162 2341 est
1178 2301 1234 2342 ne·

57 2387 144 2470 getii.
160 2385 237 2468 Nos,
252 2385 280 2446 si
296 2404 477 2469 possumus,
497 2382 680 2465 videamus,
693 2382 812 2468 quibus
829 2380 934 2445 modis
950 2380 1111 2448 distantes
1124 2383 1166 2447 ab
1183 2384 1233 2448 in-

59 2493 162 2556 vicem
185 2512 320 2554 neumas
343 2491 542 2556 constituere
568 2489 745 2554 valeamus.

99 2599 208 2682 Igitur
231 2605 339 2675 motus
363 2619 489 2678 vocum,
509 2598 565 2683 qui
590 2619 649 2661 sex
672 2597 776 2661 modis
801 2607 1020 2663 consonanter
1035 2597 1105 2662 fieri
1126 2598 1233 2663 dictus

58 2713 114 2788 est,
139 2706 182 2768 sit
205 2704 271 2768 arsi
297 2717 320 2773 e
343 2703 438 2785 thesi,
463 2702 580 2786 idest,
605 2702 788 2768 elevatione
808 2713 831 2769 tr
850 2703 1069 2789 depositione:
1095 2727 1232 2791 quorum

58 2812 184 2895 gemino
207 2819 311 2891 motu,
335 2810 369 2874 id
400 2818 460 2892 est,
485 2811 568 2874 arsis
592 2824 615 2881 u
638 2810 749 2893 thesis,
775 2813 881 2875 omnis
912 2833 1032 2875 neuma
1063 2809 1232 2895 formatur,

57 2925 174 3002 praeter
197 2938 406 3003 repercussas
432 2925 489 2981 aut
513 2915 689 3001 simplices.
713 2916 844 2981 Deinde
868 2918 951 2982 arsis
985 2927 1008 2984 tr
1039 2915 1140 2982 thesis
1164 2926 1234 2983 tum

57 3023 188 3089 sibimet
211 3025 404 3109 iunguntur,
424 3031 462 3087 ut
485 3024 568 3086 arsis
588 3023 664 3104 arsi,
684 3022 786 3087 thesis
803 3023 898 3106 thesi,
917 3033 985 3088 tum
1004 3024 1109 3090 altera
1127 3025 1232 3100 alteri,

56 3141 91 3194 ut
114 3131 198 3196 arsis
231 3131 327 3212 thesi,
354 3143 376 3199 tr
399 3127 502 3194 thesis
533 3130 599 3194 arsi
631 3131 853 3213 coniungitur,
880 3133 1017 3216 ipsaque
1047 3132 1234 3196 coniunctio

57 3248 124 3301 tum
147 3238 192 3300 sit
210 3259 252 3300 ex
277 3235 452 3319 similibus,
470 3245 540 3300 tum
556 3259 599 3300 ex
616 3236 838 3301 dissimilibus.
856 3237 1099 3301 Dissimilitudo
1123 3246 1233 3302 autern

57 3346 129 3429 erit,
153 3347 181 3408 si
205 3368 248 3409 ex
270 3343 439 3430 praedictis
464 3343 615 3426 motibus,
641 3345 676 3409 id
700 3355 758 3427 est,
783 3347 880 3429 tonis,
898 3347 1090 3435 semitoniis,
1111 3345 1233 3412 ditonis

57 3462 88 3516 et
104 3451 232 3516 caeteris
256 3451 340 3515 alius
363 3451 428 3515 alio
453 3450 564 3536 plures
587 3453 800 3537 paucioresve
825 3451 948 3516 habeat
967 3474 1074 3534 voces,
1090 3468 1148 3517 aut
1166 3476 1234 3516 ma-

57 3561 106 3644 gis
129 3558 321 3624 coniunctas
345 3557 396 3622 vel
421 3557 603 3624 disiunctas
628 3559 839 3642 dissimiliter,
863 3558 982 3623 deinde
1006 3560 1058 3624 vel
1081 3559 1234 3623 similitor

56 3665 143 3730 facta
168 3661 397 3730 coniunctione
421 3673 527 3729 motus
551 3667 653 3728 motui
674 3673 744 3728 tum
763 3665 1050 3751 eritpraepositus,
1070 3666 1103 3729 id
1124 3674 1182 3746 est,
1199 3666 1233 3728 in

57 3772 280 3859 superioribus
311 3773 447 3858 positus,
473 3783 543 3836 tum
578 3773 776 3857 suppositus,
800 3781 870 3836 turn
903 3773 1082 3858 appositus,
1107 3773 1140 3836 id
1175 3782 1234 3853 est,

56 3902 130 3943 cum
154 3881 190 3943 in
213 3878 327 3943 eadem
352 3899 430 3943 voce
454 3880 552 3944 unius
571 3888 677 3942 motus
696 3877 772 3942 finis
796 3880 869 3958 erit,
889 3878 1092 3964 alteriusque
1110 3879 1235 3964 princi-

56 3988 165 4072 pium,
190 3995 259 4050 tum
279 3986 500 4072 interpositus,
522 3985 556 4050 id
576 3994 635 4067 est,
651 3985 783 4070 quando
800 4007 884 4048 unus
901 3995 1007 4048 motus
1024 3985 1112 4048 infra
1132 3985 1235 4049 alium

55 4094 181 4179 positus
205 4106 229 4164 s
251 4094 361 4157 minus
384 4100 433 4156 est
455 4093 568 4178 gravis
593 4100 616 4156 dr
638 4093 746 4156 minus
769 4100 905 4173 acutus,
929 4100 999 4155 tum
1027 4094 1236 4178 commixtus,

56 4201 88 4264 id
113 4210 173 4282 est,
197 4200 320 4286 partim
344 4199 556 4285 interpositus
584 4198 769 4284 partimque
799 4199 997 4284 suppositus,
1022 4207 1082 4263 aut
1111 4221 1234 4284 praepo·

56 4309 148 4389 situs,
172 4313 232 4369 aut
253 4306 433 4391 appositus,
458 4327 636 4390 rursusque
670 4304 720 4370 hae
749 4305 926 4391 positiones
957 4304 1068 4368 dirimi
1100 4315 1236 4390 possunt

55 4411 236 4481 secundum
259 4413 436 4476 laxationis
461 4412 677 4495 &acuminis
704 4413 873 4497 augmenti
899 4411 926 4474 dr
951 4410 1153 4492 detrimenti,
1169 4433 1235 4475 mo·

108 4553 142 4596 25.
155 4551 294 4604 -Busun1,
310 4551 387 4594 (luido
402 4551 509 4594 Ανοιίηο.
