3030 5138
514 431 627 488 GUlDO
645 431 808 487 ARllTINO
1194 431 1245 486 367

76 579 152 660 teris
161 628 170 662 ,
195 577 252 643 sed
270 578 370 643 variis
388 576 503 662 figuris
523 577 769 643 tetrachordum
793 587 1075 665 superacutarum,
1101 578 1214 664 inquo
1230 578 1247 642 b

75 730 227 796 similiter
250 729 469 817 duplicamus,
493 731 541 793 ita
563 684 817 857 {122ngae
838 727 954 795 litterae
971 728 1115 794 amultis
1134 729 1248 794 dicun·

73 890 126 946 tur
148 879 343 973 superfluae3
365 901 424 944 nos
448 888 558 944 autem
582 879 759 943 maluimus
775 878 957 962 abundare,
976 902 1077 966 quam
1096 878 1245 944 delicere.

74 988 175 1052 Fiunt
194 988 305 1072 itaque
324 987 422 1051 simul
437 1008 548 1051 omnes
564 985 661 1069 XXI,
681 984 742 1050 hoo
761 986 874 1050 modo:
892 989 918 1058 Γ
934 985 964 1049 A
979 987 1011 1050 B
1025 983 1055 1051 C
1063 988 1098 1052 D
1110 987 1143 1050 E
1153 987 1188 1050 F
1197 985 1244 1051 G:

73 1163 93 1202 a
108 1139 125 1203 b
140 1142 152 1221 b
168 1162 185 1204 o
201 1139 224 1202 d
238 1161 253 1202 o
261 1137 337 1226 sp:
355 1117 376 1246 ἓ
391 1093 409 1246 Ξ
423 1094 436 1266 ἓ
450 1116 467 1246 ἓ
480 1093 523 1245 ᾗ.
548 1136 696 1218 Quarum
720 1136 889 1224 dispositio
913 1160 987 1202 cum
1011 1158 1031 1201 a
1054 1135 1244 1201 doctoribus

75 1300 129 1355 aut
152 1291 270 1355 fuisset
291 1291 402 1371 tacita,
419 1298 477 1352 aut
496 1289 598 1353 nimia
621 1288 823 1353 obscuritate
846 1288 1015 1375 perplexa,
1039 1287 1133 1352 adest
1157 1309 1244 1352 nunc

73 1399 172 1462 etiam
197 1397 306 1483 pueris
329 1395 476 1460 breviter
499 1418 538 1459 ao
563 1397 751 1482 plenissime
774 1393 954 1482 explicata.

543 1748 695 1815 CAPUT
720 1748 773 1813 III

283 1967 327 2011 DE
351 1965 579 2010 msrosrrlorrt:
602 1965 719 2010 EARUM
743 1966 781 2009 IN
804 1963 1028 2011 Monocnonno

116 2183 141 2252 Γ
167 2188 278 2272 itaque
302 2186 454 2271 inprimis
477 2185 577 2250 affixa
601 2185 643 2250 ab
667 2207 706 2248 ea
729 2207 832 2270 usque
856 2185 899 2248 ad
930 2184 1029 2248 finem
1059 2184 1240 2249 subiectum

69 2295 177 2360 cordae
202 2295 344 2379 spatium
367 2315 426 2378 per
449 2314 565 2356 novem
590 2293 723 2378 partire,
748 2292 776 2356 du
799 2293 834 2355 in
858 2294 997 2357 termino
1017 2294 1130 2378 primae
1150 2315 1241 2357 nonae

70 2403 174 2487 partis
187 2399 218 2463 A
239 2398 384 2463 litteram
403 2423 496 2485 pone,
514 2423 534 2463 a
553 2422 618 2485 qua
635 2421 745 2464 omnes
761 2400 889 2485 antiqui
906 2399 1012 2464 fecere
1031 2397 1240 2486 principium.

72 2508 155 2572 Item
179 2505 222 2571 ab
246 2505 277 2569 A
303 2506 345 2570 ad
369 2506 468 2571 finem
492 2530 578 2571 nona
601 2506 736 2598 collecta
758 2517 861 2593 parte,
886 2506 1000 2571 eodem
1023 2507 1118 2571 modo
1137 2509 1168 2570 B
1187 2508 1241 2572 lit-

68 2624 175 2679 teram
199 2616 308 2696 iunge.
333 2614 411 2677 Post
433 2614 502 2678 haec
526 2613 568 2677 ad
591 2615 617 2696 Γ
643 2623 812 2678 revertens
828 2613 870 2677 ad
888 2613 987 2678 finem
1007 2637 1109 2700 usque
1125 2617 1241 2679 metire

71 2744 128 2806 per
152 2721 246 2797 IIII,
272 2721 299 2784 du
323 2722 357 2783 iu
383 2721 494 2806 primae
518 2721 621 2805 partis
647 2721 785 2783 termino
809 2721 957 2783 invenies
985 2720 1020 2809 C.
1050 2721 1241 2808 Eademque

67 2828 231 2892 divisione
255 2849 313 2912 per
337 2828 422 2890 IIII
443 2829 529 2891 siout
551 2849 626 2890 cum
650 2822 675 2891 Γ
702 2828 872 2890 inventum
897 2835 945 2890 est
967 2824 1004 2910 O,
1024 2827 1123 2891 simili
1146 2828 1241 2893 modo

68 2956 128 3018 per
152 2931 301 2997 ordinem
325 2956 398 2998 cum
419 2933 448 2996 A
469 2935 617 2998 invenies
633 2937 684 3017 D3
705 2956 781 2997 cum
796 2933 828 2996 B
847 2934 995 2998 invenies
1013 2935 1055 3016 E,
1075 2935 1103 2997 dr
1123 2957 1196 2999 cum
1216 2934 1244 2999 G

64 3042 216 3105 invenies
241 3041 282 3127 F,
307 3040 335 3102 dr
358 3063 432 3104 cunr
455 3042 490 3105 D
514 3042 662 3105 invenies
688 3041 730 3125 G,
755 3041 783 3104 dc
806 3063 881 3104 curn
905 3042 938 3104 E
961 3042 1110 3106 invenies
1126 3067 1147 3106 u
1166 3066 1241 3121 acu-

64 3156 148 3228 tum,
174 3148 202 3210 a
226 3169 301 3210 cum
324 3149 357 3210 F
380 3148 527 3213 invenies
547 3148 564 3210 b
584 3149 772 3212 rotundam.
792 3146 873 3227 Quae
892 3170 971 3212 vero
988 3159 1180 3235 sequuntur,
1198 3153 1242 3214 si-

65 3254 242 3318 milium&
262 3254 452 3318 earumdem
475 3276 586 3319 omnes
605 3255 828 3340 perordinem
848 3254 1040 3319 medietates
1061 3255 1157 3319 facile
1177 3245 1242 3320 col-

65 3362 224 3446 liguntur,
251 3369 370 3451 utputa
393 3359 435 3424 ab
461 3362 491 3423 B
513 3384 617 3447 usquo
641 3362 684 3426 ad
708 3361 807 3426 finem
831 3363 865 3424 in
891 3361 999 3426 medio
1028 3364 1133 3448 spatio
1157 3386 1240 3448 pone

63 3468 167 3532 aliam
189 3467 218 3550 b.
243 3466 464 3553 Similiterque
474 3466 519 3571 ⁸C
540 3466 687 3553 signabit
711 3467 811 3532 aliam
835 3491 861 3551 c,
885 3470 913 3533 d
938 3471 972 3532 D
994 3468 1094 3533 aliam
1117 3470 1149 3546 d,
1166 3471 1194 3533 a
1213 3472 1242 3533 E

64 3598 169 3663 aliam
185 3621 209 3680 e,
230 3599 306 3661 &F
319 3598 418 3662 aliam
426 3597 457 3684 f,
474 3600 502 3663 dr
521 3599 551 3664 G
574 3600 675 3663 aliam
698 3623 730 3685 p,
756 3601 783 3663 dr
806 3624 827 3663 u
851 3602 951 3664 aliam
975 3581 1006 3709 Z,
1018 3601 1184 3667 &baliam
1199 3559 1225 3710 Ξ,

724 3733 746 3794 d

63 3776 230 3860 &baliam
244 3732 272 3903 ξ,
293 3777 320 3840 du
337 3776 466 3841 caliam
479 3756 508 3884 Ξ,
528 3779 556 3842 dc
575 3778 596 3840 d
610 3779 707 3842 aliam
724 3823 759 3885 d.
772 3778 895 3843 Eodem
909 3773 1003 3844 modo
1019 3803 1129 3865 posses
1144 3783 1177 3843 in
1190 3781 1239 3844 in·

11 3946 13 3952 >
67 3908 198 3973 linitum
218 3911 265 3973 ita
283 3910 438 3995 progredi
457 3933 586 3975 sursum
605 3910 657 3975 vel
675 3910 837 3996 deorsum,
857 3913 920 3976 nisi
941 3914 1021 3977 artis
1041 3924 1240 4000 pracceptum

63 4039 126 4080 sua
150 4026 182 4079 te
207 4019 403 4080 auctoritate
427 4010 657 4102 compesceret.

111 4124 162 4187 De
187 4123 423 4208 multiplicibus
447 4125 653 4211 diversisque
675 4124 891 4190 divisionibus
914 4127 1125 4191 monochordi
1140 4150 1240 4191 unam

62 4231 214 4315 apposui,
234 4239 270 4292 ut
294 4251 368 4294 oum
392 4254 411 4294 a
430 4231 541 4294 multis
560 4231 602 4295 ad
623 4254 722 4296 unam
741 4220 976 4315 intenderetur,
997 4235 1067 4298 sine
1088 4235 1239 4320 scrupulo

63 4345 251 4421 caperetur.
276 4337 476 4400 Praesertim
500 4360 574 4402 cnm
597 4340 640 4402 sit
665 4347 764 4403 tantae
788 4339 949 4421 utilitatis,
967 4341 1046 4404 ut&
1070 4340 1239 4406 intellecta

64 4446 125 4506 vix
137 4442 362 4508 obliviscatur.
374 4443 468 4516 Alius
482 4443 651 4509 dividendi
671 4446 784 4511 modus
805 4449 961 4532 sequitur,
982 4450 1036 4533 qui
1054 4450 1114 4512 etsi
1131 4451 1238 4512 minus
