3030 5138
253 403 306 458 366
695 397 808 454 GUIDO
826 397 986 453 ARETINO

254 549 327 608 Gar.
349 548 464 625 XIII...
474 548 519 606 De
539 548 606 605 octo
626 544 782 603 modorum
803 543 968 618 agnitione,
991 542 1128 602 acumine
1150 543 1178 602 dr
1200 544 1371 620 gravitate.

254 647 324 707 Car.
345 644 456 704 XIV...
472 645 547 703 Item
570 643 607 702 de
627 642 724 719 tropis
745 643 773 701 dr
794 641 910 702 virtute
932 642 1065 702 Musicae.

255 744 328 803 Gar.
349 745 409 803 XV
411 787 457 802 .....
472 744 517 802 De
531 742 686 802 commoda
699 739 750 800 vel
764 742 968 816 componenda
982 740 1198 800 modulatione.
1264 814 1266 816 q

254 842 326 901 (lar.
348 842 455 900 XVI...
471 841 515 898 De
536 837 699 916 multiplici
720 838 872 899 varietate
896 855 1035 898 sonorum
1057 842 1085 897 da
1107 856 1295 898 neumarum.

254 940 325 1000 Gar.
347 941 455 1000 XVII..
470 939 552 1004 Quod
574 939 611 997 ad
632 940 753 997 cantum
774 936 926 1012 redIgitur
947 954 1044 1007 omne,
1065 937 1143 1012 quod
1166 936 1290 997 dicitur.

254 1037 327 1097 Gar.
341 1038 456 1098 XVIII.
471 1038 515 1095 Dc
538 1035 707 1111 diaphonia,
728 1035 759 1093 id
780 1038 828 1094 est
848 1034 956 1111 organi
976 1038 1136 1111 praecepto.

253 1125 337 1195 Car.
347 1136 452 1194 XIX...
468 1134 563 1193 Dictae
579 1131 747 1210 diaphoniae
762 1149 818 1208 per
832 1131 966 1208 esempla
977 1131 1124 1208 probatio.

253 1237 326 1296 Gar.
347 1236 408 1294 XX
412 1279 456 1295 .....
471 1234 622 1300 Quomodo
644 1233 759 1292 Musica
781 1250 820 1291 ex
841 1232 1020 1290 malleorum
1042 1231 1141 1290 sonitu
1162 1231 1203 1291 sit
1225 1231 1364 1291 inventa.

622 1420 1048 1430 -—-——.-.-·-.——-———-

738 1664 890 1731 CAPUT
914 1666 931 1728 I

281 1867 362 1920 QUID
385 1865 514 1928 FAOIAT,
539 1865 596 1917 um
619 1865 658 1908 SE
681 1865 725 1908 AD
748 1865 958 1910 DISCIPLINAM
982 1852 1113 1910 MUSICAE
1136 1865 1236 1909 ARTIS
1261 1843 1397 1909 PARA'I'?

293 2085 402 2168 Igitur
426 2084 482 2169 qui
507 2092 651 2147 nostram
676 2081 885 2167 disciplinam
905 2083 997 2167 petit,
1017 2082 1203 2167 aliquantos
1228 2092 1346 2147 cantus
1370 2105 1455 2147 no·-

250 2193 326 2255 stris
343 2192 428 2255 notis
445 2191 627 2276 descriptos
646 2185 807 2271 addiscat,
826 2190 860 2252 in
877 2188 1090 2253 monochordi
1107 2211 1168 2253 usu
1180 2212 1318 2253 manum
1331 2211 1460 2253 exer-

250 2306 332 2379 caat,
358 2297 482 2382 hasque
505 2296 637 2381 regulas
665 2318 751 2382 saepe
775 2296 962 2379 meditetur,
988 2296 1091 2360 donec
1113 2297 1148 2360 vi
1172 2297 1200 2360 dc
1224 2306 1346 2361 natura
1370 2321 1465 2362 voae

250 2426 325 2468 cum
347 2405 489 2488 cognita,
515 2403 642 2488 ignotos
664 2410 701 2466 ut
720 2411 812 2466 notos
827 2411 944 2466 cantus
964 2405 1113 2466 suaviter
1133 2412 1242 2467 canat.
1263 2402 1330 2468 Sed
1348 2405 1463 2489 quim,

250 2531 356 2593 voces,
377 2532 448 2595 quaa
469 2509 567 2574 huius
583 2512 664 2574 artis
681 2511 789 2595 prima
807 2519 883 2574 sunt
898 2508 1122 2593 fundamenta,
1143 2511 1178 2573 in
1201 2511 1467 2576 monochordo·

249 2616 367 2681 melius
390 2619 565 2699 intuemur,
591 2617 752 2703 quomodo
777 2639 831 2680 eas
861 2616 984 2681 ibidem
1014 2639 1068 2681 ars
1102 2608 1257 2681 naturam
1293 2620 1454 2683 imitatu»

250 2722 416 2806 discrevit,
441 2725 592 2809 primitus
615 2722 797 2786 videamus.

727 3041 879 3108 CAPUT
904 3042 939 3105 II

413 3242 489 3294 oum
514 3243 577 3285 vau
602 3242 730 3293 suanus
754 3242 830 3347 spur
853 3242 974 3304 noram
997 3242 1063 3284 van
1087 3218 1201 3292 onor?
1218 3217 1248 3271 (ll

290 3462 382 3526 Notae
407 3470 516 3525 erstem
542 3463 576 3524 in
599 3459 816 3525 monochordo
839 3459 889 3525 hae
914 3469 1000 3525 sunt.
1024 3460 1065 3524 In
1088 3461 1203 3545 primis
1228 3469 1371 3545 ponatur
1393 3455 1422 3526 Γ

246 3591 388 3654 graecum
411 3591 431 3631 a
454 3569 619 3633 modernis
643 3567 847 3632 adiunctum.
872 3567 1062 3654 Sequuntur
1090 3576 1218 3660 septem
1250 3567 1416 3655 alphabeti

246 3675 364 3740 litterae
381 3698 511 3761 graves,
533 3677 671 3762 ideoque
691 3676 871 3740 maioribus
890 3675 1010 3739 litteris
1029 3676 1205 3758 insignitae,
1226 3674 1288 3738 hoo
1309 3674 1414 3739 modo:

246 3780 277 3844 A
299 3783 330 3845 Β
352 3781 380 3846 C
393 3785 428 3847 I)
444 3784 478 3847 Ε
496 3784 527 3846 F
548 3782 682 3847 &Post
705 3781 763 3846 has
787 3781 837 3846 hae
861 3781 983 3846 eaedem
1008 3791 1131 3867 septem
1159 3781 1280 3846 litterae
1317 3792 1427 3846 acutae.

245 3898 446 3974 repetuntur,
460 3890 518 3954 sed
531 3880 712 3978 minoribus
729 3889 849 3953 litteris
864 3887 1105 3968 describuntur,
1119 3889 1154 3950 in
1171 3886 1291 3972 quibus
1309 3898 1412 3952 tamen

246 3998 331 4059 inter
351 4021 371 4058 a
387 3997 415 4061 'dc
432 3996 443 4080 h
460 3997 593 4061 aliamd
613 3999 771 4084 ponimus,
790 4018 888 4081 quam
906 3994 1081 4059 rotundam
1102 3994 1261 4076 facimus3
1279 3995 1410 4058 alteram
1498 3995 1515 4054 ἦ

246 4123 323 4165 vero
348 4104 595 4187 quadravimus.
615 4106 667 4168 Ita
685 4128 705 4167 α
722 4101 764 4184 bl
781 4126 797 4166 c
813 4102 834 4165 d
848 4102 900 4188 of
911 4127 943 4188 p.
964 4101 1127 4165 Addimus
1151 4101 1203 4164 his
1223 4101 1346 4166 eisdem
1364 4100 1413 4164 lit·
1499 4125 1502 4178 ζ

281 4413 322 4484 (l)
342 4413 397 4467 MS.
417 4414 544 4468 humour.
567 4417 610 4469 Dc
629 4431 742 4469 narrasse
763 4418 788 4469 rt
807 4415 970 4468 dirrrcnte'oae
989 4421 1127 4468 arctorum.
