3030 5138
490 398 603 452 GUIDO
622 397 799 460 suamne
1167 396 1219 449 369

55 568 119 627 nus,
139 554 177 610 ut
200 545 391 615 interBdt
418 542 594 629 Odereliq.
614 543 658 608 Et
672 544 777 609 maius
800 543 933 630 quidem
955 541 1099 628 spatium
1113 522 1219 607 'tonus

53 653 180 737 dicitur,
205 653 312 716 minus
335 673 414 717 vero
443 651 660 732 semitonium,
684 651 780 716 semis
816 649 981 732 videlicet,
1009 649 1045 712 id
1072 658 1131 731 est,
1154 669 1220 716 non

52 761 165 847 plenus
190 769 296 825 tonus.
318 760 404 824 Item
427 761 513 823 inter
536 760 682 844 aliquam
706 779 818 822 vocem
842 757 1026 823 &tertiam
1048 780 1069 821 a
1092 779 1126 821 se
1150 765 1220 820 tum

51 865 180 933 ditonus
203 875 262 949 est,
287 866 403 946 idest,
428 866 492 931 duo
516 868 595 947 toni,
621 873 658 928 ut
681 887 700 928 a
724 863 751 928 (l
775 863 819 927 ad
841 864 885 941 E,
906 872 976 927 tum
995 862 1218 945 semiditonus,

52 978 104 1063 qui
128 975 230 1039 habet
252 983 382 1039 tantum
404 983 517 1038 tonum
536 974 565 1038 a
584 973 800 1054 semitonium,
819 982 857 1036 ut
876 994 896 1035 a
919 973 949 1036 D
968 973 1003 1035 in
1018 973 1061 1050 F,
1081 973 1217 1057 &reliq.

52 1085 261 1147 Diatessaron
279 1092 391 1146 autem
410 1090 468 1164 est,
493 1103 568 1145 oum
586 1083 672 1145 inter
689 1080 769 1145 duae
788 1100 884 1144 voces
904 1099 1108 1165 quocumque
1123 1078 1218 1143 modo

51 1189 111 1254 duo
136 1199 214 1254 sunt
237 1191 318 1266 toni,
343 1189 371 1252 <t
394 1210 498 1251 unum
529 1188 748 1268 semitonium,
772 1195 810 1251 ut
833 1185 875 1250 ab
898 1185 929 1249 A
956 1185 999 1250 ad
1024 1162 1121 1265 D,'&
1144 1210 1164 1251 a
1187 1188 1218 1250 B

52 1298 83 1359 in
105 1298 149 1373 E,
174 1297 203 1359 e
225 1295 319 1380 reliq.
344 1295 510 1380 Diaponte
533 1315 612 1358 vero
636 1315 700 1358 uno
719 1302 795 1357 tono
818 1295 923 1357 maior
945 1303 1004 1375 est,
1030 1316 1103 1358 cum
1132 1295 1218 1357 inter

51 1401 212 1488 quaslibet
235 1418 331 1466 voces
355 1411 422 1465 tres
445 1409 521 1465 sunt
543 1402 622 1484 toni,
646 1402 674 1465 du
698 1423 800 1465 unum
823 1402 1038 1484 semitonium,
1062 1410 1098 1465 ut
1121 1401 1163 1466 ab
1183 1400 1214 1465 A

51 1511 81 1574 in
104 1511 148 1594 E,
173 1510 200 1574 du
224 1532 244 1572 a
270 1507 299 1580 C
319 1511 353 1573 in
379 1509 420 1586 G,
444 1517 477 1572 et
500 1506 594 1593 reliq.
617 1507 730 1571 Habes
753 1509 864 1593 itaque
888 1531 947 1572 sex
969 1531 1086 1573 vocum
1105 1531 1219 1574 conso·

50 1619 188 1699 nuntias,
211 1616 246 1680 id
270 1624 330 1693 est,
344 1625 466 1696 tonum,
482 1615 700 1698 semitonium,
716 1614 874 1697 ditonum,
891 1616 1130 1699 semiditonum,
1148 1615 1216 1680 dia·

50 1734 204 1806 tessaron,
229 1725 256 1787 du
280 1723 432 1809 diapente
451 1725 510 1805 (1).
527 1721 665 1806 [Quibus
684 1720 792 1786 adhuc
815 1724 1034 1788 consonantiis
1057 1723 1129 1788 duee
1152 1746 1217 1807 mo·

50 1831 162 1895 dorum
185 1831 311 1916 species
334 1852 353 1892 a
376 1826 540 1892 nonnullis
566 1827 754 1893 cantoribus
780 1829 1056 1914 superadduntur,
1077 1831 1137 1895 hoc
1156 1841 1216 1911 est,

51 1938 202 2022 diapente
225 1959 299 2000 cum
323 1937 506 2000 semitonio:
532 1944 568 1999 ut
591 1935 633 1998 ab
660 1932 688 1999 O
710 1934 752 1999 ad
775 1959 807 1999 u.
831 1935 1035 2021 Adiungitur
1066 1941 1216 2004 etiam&

49 2044 215 2130 diapason.
236 2043 327 2122 Quae
343 2043 420 2127 quia
436 2064 510 2105 raro
529 2042 752 2125 inveniuntur,
776 2064 796 2105 a
818 2041 912 2106 nobis
927 2045 1034 2108 minus
1057 2047 1143 2109 inter
1169 2046 1219 2112 VI

49 2159 315 2215 annumerantur.
340 2148 403 2212 Sed
428 2149 517 2231 origo
542 2148 674 2233 quidem
699 2148 868 2233 diapason,
891 2171 963 2234 quae
987 2151 1015 2214 <t
1038 2152 1144 2236 qualis
1162 2155 1214 2234 sit,

48 2260 101 2343 qui
126 2253 289 2321 studiesus
312 2264 546 2340 perscrutatur,
572 2255 839 2341 insequentibus
870 2259 1033 2361 reperiet].
1055 2258 1096 2321 In
1125 2259 1213 2323 nullo

47 2366 132 2430 enim
157 2372 257 2428 cantu
280 2363 354 2426 aliis
377 2363 481 2426 modis
505 2384 572 2426 vox
596 2365 667 2427 voci
692 2364 754 2426 rite
784 2364 1002 2449 coniungitur,
1026 2364 1080 2429 vel
1108 2367 1214 2430 inten-

46 2471 162 2552 dend0,
187 2470 240 2534 vel
260 2469 466 2533 remittendo
490 2469 552 2532 His
577 2469 802 2552 adiunguntur
825 2479 959 2554 septem,
982 2471 1077 2555 idest,
1102 2473 1214 2558 diapa-

46 2601 117 2662 s0n3
143 2599 213 2662 queo
238 2577 315 2661 quia
334 2598 408 2640 raro
428 2576 651 2658 inveniuntur,
672 2578 778 2640 minus
797 2578 882 2640 inter
901 2577 980 2640 alias
997 2601 1213 2645 annumeran-

45 2695 108 2748 tur.
133 2684 281 2769 Oumque
304 2676 374 2746 tam
395 2684 509 2768 paucis
532 2682 697 2764 clausulis,
721 2692 804 2746 teste
819 2684 943 2766 Boeti0,
958 2691 1028 2748 tota
1043 2685 1213 2751 harmonia

44 2793 213 2872 formetur,
237 2778 414 2854 utillimum
433 2797 492 2873 cst,
511 2789 586 2853 altae
605 2811 660 2852 eas
677 2791 839 2854 memoriae
855 2790 1092 2873 commendare,
1110 2793 1138 2856 du
1158 2794 1214 2857 do-

42 2923 102 2964 nec
125 2899 220 2984 plene·
242 2900 276 2961 in
300 2897 447 2961 canendo
469 2897 653 2960 sentiantur
676 2896 703 2959 de
727 2905 975 2980 cognoscantur,
995 2897 1038 2960 ab
1055 2901 1212 2964 exercitio

43 3028 213 3092 nunquam
246 3027 383 3088 cessare,
408 3013 443 3068 ut
464 3004 516 3068 his
539 3003 692 3068 clausulis
716 3004 818 3068 veluti
848 3003 1043 3089 quibusdam
1066 3006 1213 3071 clavibus

42 3113 183 3178 canendi
204 3113 308 3198 possis
329 3113 482 3206 peritiam
505 3113 677 3196 sagaciter,
701 3111 893 3197 faciliusque
916 3114 1093 3198 possidere.

527 3466 677 3533 OAPUT
698 3465 727 3536 V

161 3686 206 3730 DE
228 3684 401 3730 DIAPASON·
424 3685 468 3729 ΕΤ
491 3684 555 3730 OUR
578 3683 716 3730 TANTUM
740 3684 868 3728 SEPTEM
896 3685 972 3730 stur
995 3683 1094 3730 ΝΟΜ]

86 3888 255 3981 Diapason
274 3903 384 3959 autem
403 3903 461 3979 est,
482 3897 516 3959 in
535 3917 599 3980 qua
624 3894 874 3958 diatessaron&
893 3894 1046 3980 diapente
1067 3897 1211 3982 iungun-

41 4014 117 4085 tur,
140 4024 215 4066 cum
239 4004 324 4066 enirn
345 4002 387 4065 ab
404 4000 435 4064 A
456 4003 491 4065 in
507 4003 542 4065 D
558 4003 600 4066 sit
619 4001 831 4083 diatessaron,
851 4001 879 4064 a
895 4000 936 4064 ab
957 3998 1072 4065 eadem
1088 4005 1123 4067 D
1140 4005 1174 4066 in
1191 4028 1212 4067 a

42 4118 175 4174 acutum
192 4092 234 4173 sit
249 4109 413 4194 diapente,
440 4107 526 4172 aba
549 4110 582 4172 in
603 4107 741 4172 alteram
756 4131 777 4170 a
801 4108 958 4194 diapason
986 4110 1115 4178 existit:
1142 4112 1211 4176 eius

77 4431 115 4500 (l)
136 4428 255 4485 Unoinis
274 4427 385 4485 inclusa
402 4431 544 4486 habentur
562 4432 592 4485 in
611 4433 680 4487 Mse.
702 4433 822 4486 Annona
843 4433 872 4493 &
890 4431 1032 4489 Osroene.

108 4569 142 4612 Ε.
149 4581 176 4601 -s-
185 4568 286 4621 Bsuunr,
299 4567 376 4610 Guicto
386 4567 492 4610 atratino.
