3120 5144
516 413 631 470 GUlDO
651 412 811 468 ARE'i'lNO
1198 415 1250 467 425

70 585 160 649 pere,
181 582 280 648 quam
297 561 482 625 memoriter
499 582 629 641 canere,
647 581 722 623 cum
739 557 820 622 illud
838 558 898 622 soli
914 557 1060 623 habeant
1076 561 1249 646 sapientes,

73 671 133 736 hoo
153 669 208 735 vel
235 690 321 754 saepe
343 668 470 733 faciant
498 666 733 754 imprudentes.
753 666 798 730 Et
822 666 1026 752 simplicibus
1051 667 1184 754 quidem
1207 668 1249 732 ad

73 775 317 862 cognoscendas
340 776 536 862 simpliciter
553 797 690 839 neumas
709 777 773 839 ista
797 775 971 839 sufficiant.
996 774 1165 855 Quomodo
1189 798 1247 839 au·

74 895 139 948 tem
169 884 356 969 liquescant
386 904 492 964 voces,
517 893 547 952 &
570 904 613 945 an
644 881 850 945 adhaerenter
874 880 926 945 vel
956 882 1095 947 discrete
1124 892 1249 947 sonent.

72 993 198 1073 Quaeve
211 992 278 1054 sint
296 1012 430 1054 morosae
450 997 480 1056 di
499 990 655 1072 tremulae,
672 999 701 1058 &
715 987 905 1070 subitaneae,
924 988 976 1053 vel
995 989 1156 1075 quomodo
1174 1010 1251 1053 can·

73 1098 178 1162 tilena
201 1095 470 1161 distinctionibus
493 1096 673 1176 dividatur,
698 1105 727 1166 &
750 1118 792 1158 an
816 1117 882 1159 vox
901 1118 1039 1181 sequens
1063 1095 1106 1160 ad
1130 1118 1250 1182 praece·

72 1204 206 1268 dentem
231 1206 374 1286 gravior,
401 1202 453 1267 vel
477 1204 614 1285 acutior,
639 1202 691 1266 vel
714 1202 879 1286 aequisona
902 1203 955 1283 sit,
979 1200 1072 1266 facili
1089 1202 1247 1288 colloquio

72 1313 109 1374 in
133 1313 206 1395 ipsa
230 1317 422 1375 neumarum
445 1309 552 1395 figura
576 1318 785 1390 monstratur,
810 1309 850 1390 si,
875 1318 911 1372 ut
936 1307 1066 1391 debent,
1092 1332 1133 1372 ex
1154 1308 1250 1373 indu·

68 1418 155 1481 stria
180 1426 428 1502 componantur.

120 1736 151 1800 A
178 1746 283 1822 questa
305 1759 406 1801 nuova
430 1735 547 1821 Rauola
571 1737 626 1800 Dn
649 1736 776 1802 louoro
805 1735 925 1803 Caura
951 1734 1003 1798 ael
1040 1735 1191 1800 Gerberto
1208 1733 1251 1819 fo

63 1844 199 1929 scquito
225 1842 427 1908 l'Erruoous
450 1865 494 1907 nn
518 1847 682 1907 nononu'n
712 1863 891 1925 nonnanis,
915 1863 959 1906 nr
982 1862 1143 1909 oanrnuu
1171 1861 1250 1914 aaa·

67 1970 262 2033 mirarrnus,
285 1951 340 2012 che
361 1951 417 2014 noi
438 1949 672 2034 riproduciamo
705 1951 763 2035 qui
784 1949 914 2014 secondo
953 1948 986 2012 la
1011 1948 1252 2034 pubblicuzioae

67 2056 112 2118 di
136 2056 374 2122 Couasamuker.
