3120 5144
297 416 351 470 436
640 475 642 479 ,
752 417 865 474 GUIDO
886 417 1046 473 AthTINO

300 562 429 622 Tradent
448 562 526 621 enim
547 564 657 640 gentes.

299 657 373 718 Cum
393 659 562 719 immundus
582 660 711 737 spiritus.

298 760 393 818 Amen
414 759 478 819 dieo
497 760 592 821 vobis.

298 857 333 917 In
354 857 399 917 hie
418 862 520 919 autem
539 859 692 920 transiens.

298 958 420 1036 Accepit
438 962 536 1019 autem
556 959 651 1019 Jesus.

297 1058 340 1117 De
361 1059 489 1135 quinque
509 1058 645 1136 panibus.

298 1157 374 1228 Quid
394 1159 509 1219 molesti
529 1159 606 1218 estis,

297 1255 475 1318 Conantibus
494 1260 603 1317 autem.

297 1357 344 1415 Ab
366 1357 594 1435 insurgentibus,

298 1456 351 1515 Ait
372 1457 446 1515 latro
467 1455 503 1515 ad
522 1456 677 1514 latronem.

296 1553 460 1614 Currebant
480 1554 539 1613 duo
560 1553 657 1613 simul.

296 1653 364 1713 Non
384 1672 437 1732 ego
458 1654 567 1714 abiero.

490 2432 737 2498 ——ssz

435 2613 537 2676 Oanite
657 2614 740 2674 tuba.

295 2769 391 2829 Homo
413 2769 532 2845 quidam
551 2771 623 2828 erat.

295 2868 418 2928 Factum
439 2872 484 2929 est
503 2870 613 2928 autem.

293 2967 440 3026 Johannen
460 2969 625 3027 vocabitur.

294 3065 399 3126 Saulus
419 3065 525 3126 adhue.

294 3163 396 3224 Puelle
416 3164 545 3224 saltanti

293 3264 443 3325 Nativitae
462 3267 524 3324 tna.

293 3360 416 3422 Sanetus
436 3360 605 3438 Dionysius.

292 3459 415 3532 Dedisti,
436 3461 526 3532 Deus,
547 3458 768 3518 habitationem.

293 3556 378 3618 Beati
398 3558 524 3618 Paoifiei.

294 3654 352 3724 Qui
371 3677 418 3717 me
439 3657 586 3717 confessus
606 3657 706 3716 fuerit.

291 3753 323 3814 si
344 3758 408 3832 quis
427 3757 502 3816 mihi
525 3755 682 3816 ministrat.

912 563 1022 624 Euntes
1042 565 1073 623 in
1095 565 1245 625 mundum.

909 660 957 720 Illi
979 663 1079 721 autem
1101 662 1233 738 profecti.

911 760 1054 836 Loquere,
1075 762 1207 822 Domine.

912 857 1047 935 Obsecro,
1068 860 1202 943 Domine.

909 959 1059 1018 Johannes
1080 963 1110 1019 et
1129 954 1249 1020 Paulus,

908 1059 971 1137 Ego
993 1060 1070 1119 enim
1089 1060 1153 1137 jam
1174 1059 1295 1119 delibor.

907 1158 981 1218 Cum
1002 1159 1131 1218 audisset
1152 1149 1220 1219 J'ob.

906 1256 947 1316 Hi
960 1260 1035 1317 sunt
1053 1257 1119 1317 viri.

911 1356 990 1415 Unus
1011 1377 1046 1416 ex
1067 1356 1187 1416 duobus.

910 1450 1037 1515 Tradent
1057 1457 1142 1514 enim.

907 1552 1021 1629 Quique
1042 1553 1198 1612 ministrat.

907 1652 991 1730 Euge
1010 1671 1092 1714 serve
1113 1652 1196 1713 bone.

983 2616 1047 2674 Ave
1268 2613 1374 2674 Maria.

906 2768 979 2826 Cum
1001 2770 1076 2828 esset
1095 2785 1228 2827 summus
1249 2767 1392 2843 pontifex.

905 2867 1014 2926 Tecum
1034 2867 1222 2944 principium.

908 2965 1009 3026 Simile
1030 2969 1074 3026 est
1093 2985 1226 3044 regnum.

907 3064 1044 3125 Traditor
1065 3068 1173 3125 autem.

907 3163 946 3223 nt
966 3168 1128 3239 posuerunt
1147 3183 1246 3242 super.

908 3263 1099 3325 aenariam
1120 3284 1199 3326 vero.

906 3360 960 3419 Isti
981 3364 1052 3422 sunt
1072 3363 1166 3422 saneti
1185 3361 1240 3438 qui
1260 3362 1339 3438 passi
1358 3364 1433 3420 sunt.
1532 3441 1533 3447 ἵ

906 3458 994 3519 Misso
1016 3460 1142 3520 Herode.

905 3557 979 3631 Cum
1000 3558 1140 3634 ejecisset.

905 3656 966 3724 Iste
987 3659 1031 3717 est
1050 3657 1207 3718 Johannee.

905 3755 1181 3833 Approbinquabat.

333 3899 372 3959 nt
391 3900 444 3959 hec
464 3899 641 3976 subsequens
661 3899 735 3959 nihil
756 3899 848 3958 distat
869 3900 1081 3976 apreoedente,
1096 3920 1189 3977 neque
1204 3900 1379 3977 ampliorem
1391 3903 1467 3960 teno-

291 4150 388 4210 Erunt
407 4172 508 4228 prava.

291 4249 360 4308 Dies
379 4251 506 4309 Domini.

292 4346 369 4418 Quid
389 4349 437 4408 hio
456 4349 548 4409 statio.

274 4442 324 4503 *si
345 4443 403 4504 duo
426 4463 459 4504 ex
480 4445 572 4506 vobis.

185 4080 187 4083 .
290 4017 352 4058 rem
374 4001 436 4076 ejus
457 3999 605 4059 distinctio
625 3999 657 4057 in
677 3999 762 4058 finem
784 3995 901 4072 retinet,
925 4001 955 4059 et
975 3999 1030 4060 hoo
1049 3999 1168 4059 brevior
1189 4002 1242 4058 est.

830 4166 834 4175 '
899 4153 1053 4212 Postulavi
1072 4154 1196 4229 patrem.

899 4251 1079 4312 Obtulerunt
1100 4250 1243 4327 discipuli.

899 4350 1056 4428 Preoeptor
1076 4350 1164 4410 Saule
1184 4351 1293 4410 saneto.

901 4445 964 4516 Quo
985 4450 1030 4508 est
1050 4447 1116 4507 ista.
