3120 5144
716 392 828 447 GUIDO
849 391 1010 447 ARHTINO

653 539 810 598 Juetorum
830 539 936 598 anime.

653 636 803 713 Sapientia
824 638 965 698 clamitat.

654 733 726 794 (lum
748 738 860 797 venerit
880 736 1065 813 Pnraclytns.

850 987 879 1046 Π

271 1166 858 1304 ἐξῇ-ΕΞ
1002 1169 1469 1300 {43:15}ss

336 1335 435 1396 Gloria
560 1337 722 1396 seculorum
804 1357 897 1397 amen.
1040 1337 1123 1397 Hora
1161 1342 1206 1397 est
1244 1339 1308 1414 jam
1374 1358 1438 1401 noe.

275 1489 330 1559 Qui
352 1491 422 1548 sunt
442 1489 473 1548 hi
493 1507 648 1549 sermones.
885 1489 1008 1550 Factum
1031 1493 1075 1550 est
1095 1491 1256 1550 silentium.

276 1587 371 1647 Hodie
391 1589 484 1648 Beata
505 1589 590 1665 virgo
611 1587 705 1648 Maria
885 1588 990 1648 Anime
1011 1590 1179 1667 impiorum.

277 1686 372 1747 Hodie
392 1686 495 1747 Maria.
888 1689 966 1748 Nato
987 1689 1122 1749 Domino.

277 1785 372 1846 Hodie
393 1787 491 1846 celesti

417 2400 517 2460 Gloria
785 2400 949 2459 seculorum

278 2552 385 2611 Missus
405 2555 449 2611 est
471 2552 599 2612 Gabriel.
890 2553 1014 2630 Magnus
1036 2556 1153 2613 sanetus
1174 2552 1286 2612 Paulus

277 2650 420 2710 Dominus
442 2650 488 2711 ad.
890 2651 986 2711 Hodie
1006 2652 1111 2712 scietis.

277 2748 420 2809 Parvulus
441 2749 528 2809 filius.
886 2750 942 2809 Per
962 2750 1094 2828 singulos
1115 2751 1183 2810 dies.

274 2847 394 2908 'Veritas
416 2848 450 2908 de
472 2853 559 2909 terra.
888 2849 971 2908 Dixit
990 2850 1123 2928 Angelus
1145 2849 1191 2909 ad.

277 2945 384 3007 Omnes
405 2947 440 3006 de
461 2948 541 3007 saba.
887 2949 993 3026 Aepioe
1014 2950 1044 3008 in
1065 2970 1120 3010 me.

278 3045 388 3104 Lumen
410 3042 503 3122 est(?)
526 3046 743 3106 revelationem.
873 3047 897 3106 Ο
940 3066 991 3107 vos
1011 3067 1120 3108 omnen.
1235 3117 1241 3134 .

279 3142 402 3202 Summe
422 3144 604 3220 ingenuitas⁸

846 3423 888 3484 IV

276 3605 526 3690 ΞΣ*-
533 3607 949 3662 “r-:z-
951 3606 1470 3712 ,Ξῖ-

987 3717 1091 3724 —
1309 3715 1469 3724 —v————·

499 3767 599 3828 Gloria
786 3768 962 3847 seculorum
1204 3785 1298 3826 amen.

280 3923 323 3982 Ite
344 3925 372 3981 et
393 3938 444 3982 vos
465 3920 496 3979 in
518 3915 641 3988 vineam,
891 3918 956 3978 Hoo
977 3922 1021 3980 est
1042 3920 1220 3996 preceptum.

278 4021 363 4080 Zelus
384 4020 487 4078 domus
508 4022 576 4079 tuae.
891 4019 1002 4079 Huntes
1023 4020 1095 4080 ibat.

280 4120 352 4178 Erat
372 4118 451 4177 enim
470 4119 558 4178 inter.
890 4117 963 4178 Hooe
983 4119 1099 4177 ancilla.

279 4217 359 4276 Tolle
381 4216 498 4276 domine
519 4210 616 4276 tuum.
890 4214 962 4276 Eece
983 4217 1128 4293 completa
1148 4218 1218 4274 sunt

280 4314 381 4374 Omnis
402 4331 473 4390 gens
493 4333 545 4389 per
566 4316 673 4392 girum.
889 4311 1023 4372 Crastina
1045 4318 1117 4373 erat.

260 4413 407 4472 Confirma
426 4412 481 4471 hoo
502 4412 588 4471 Deus.
872 4409 896 4469 0
918 4411 1075 4471 ineffabile.
1150 4491 1157 4497 ἦ
