3030 5138
433 1211 497 1294 IN
498 1211 807 1296 DICAZIONE
833 1246 838 1256 ·

611 1369 628 1408 B

38 1479 516 1552 DESCRIZIONE
551 1483 619 1550 DI
652 1483 918 1563 ALCUNI
961 1482 1207 1553 CODICI

238 1655 285 1696 NEI
303 1655 389 1707 Quam
408 1656 434 1698 SI
453 1655 583 1699 ‘roomo
602 1655 807 1698 INTERAMENTE
827 1655 842 1698 0
860 1657 891 1699 IN
910 1657 1002 1700 PARTE

110 1781 148 1822 Lu
160 1779 250 1822 OPERE
262 1781 394 1824 nosmet
408 1783 438 1824 DI
452 1781 537 1824 (tolno
550 1780 683 1839 Anemo,
696 1781 712 1824 0
728 1763 874 1825 canutum
888 1782 961 1826 otuu
977 1783 1123 1826 MEDESIMB

550 2142 692 2214 ROMA

35 2304 224 2366 Biblioteca
245 2305 428 2364 Vaticana.
449 2335 489 2348 -
510 2303 577 2363 eod.
599 2326 628 2364 n.
651 2306 739 2364 1196.
760 2306 1013 2384 Regina-membr.
1030 2304 1061 2364 di
1076 2308 1208 2366 corteto

90 2405 304 2463 recentomente
324 2406 489 2463 numerate.
511 2404 625 2465 Misora
641 2405 871 2470 0.150><0.085.
887 2404 948 2464 See.
964 2422 1020 2463 x11.
1033 2433 1075 2446 -
1088 2402 1210 2463 Sombra

90 2499 181 2561 obbia
203 2503 398 2577 apportenuto
420 2501 459 2560 od
479 2521 521 2560 un
541 2505 619 2563 certo
641 2503 814 2563 Bourdalot.
837 2501 1004 2562 Comincia:
1022 2502 1133 2560 Iseon
1146 2519 1211 2560 ms·

91 2614 186 2657 socos
209 2597 725 2660 (1111101113ΒΕΜυειοΔοόΡοειτυε.
751 2602 832 2664 Quid
858 2609 901 2660 est
923 2600 1065 2658 musica?
1087 2601 1127 2658 Μ,
1157 2602 1208 2656 Ve-

90 2699 208 2757 raciter
234 2696 370 2756 canendi
390 2699 509 2758 scentia
524 2699 670 2771 etfacilis
690 2699 742 2758 oia
765 2700 808 2757 ad
824 2699 1049 2772 perfectionem
1062 2698 1208 2757 canendi.

130 2799 155 2851 A
175 2804 261 2855 carte
284 2798 330 2856 10.
352 2795 490 2855 Termino
509 2797 532 2854 il
553 2796 669 2875 dialogo
685 2816 738 2856 son
752 2793 855 2874 queste
870 2792 986 2872 parole:
1003 2801 1052 2854 Ea
1065 2795 1114 2854 his
1128 2812 1209 2872 quae
1228 2810 1231 2815 ·

90 2891 176 2950 dicta
198 2900 273 2950 sunt
294 2892 442 2951 assiduus
458 2901 676 2967 perscrutator
696 2902 763 2954 tant
784 2895 822 2953 de
843 2895 926 2952 tonis
946 2909 1044 2971 quone
1071 2892 1109 2951 de
1136 2893 1209 2950 reti-

91 2989 163 3065 quis
182 2993 411 3062 consonantiis,
430 2992 523 3051 huius
538 2993 618 3051 artis
639 2995 795 3068 reputant,
817 2992 928 3051 diuina
941 2993 1050 3066 pratia
1069 2991 1208 3062 iuuante,

92 3088 160 3146 aiio
182 3105 280 3164 quarn
298 3091 442 3165 plurima
462 3091 625 3165 inteilipet.
659 3093 746 3155 Quod
775 3093 802 3151 si
828 3098 885 3151 aut
910 3090 1103 3168 nepiipcnter
1130 3090 1208 3163 apit,

94 3193 152 3244 aut
172 3203 238 3244 non
253 3203 313 3261 per
334 3188 478 3247 diuinam
498 3189 747 3249 illustracionenn
768 3207 823 3249 seu
850 3191 901 3249 sui
928 3205 1038 3250 sensus
1065 3187 1210 3247 acumine

91 3300 201 3359 capere
220 3301 307 3359 posse
323 3288 562 3361 presumpserit,
584 3296 638 3347 out
658 3303 861 3363 nequaquam
881 3288 1044 3360 inteiiipet‚
1067 3293 1124 3343 aut
1144 3301 1208 3342 non

92 3387 208 3456 referet
227 3384 338 3457 pratia
352 3384 500 3442 donatori
513 3384 663 3457 efficietur
677 3388 853 3444 etacionurn
868 3380 939 3462 (sic)
952 3384 1089 3443 serviens
1103 3383 1210 3441 minus

92 3482 159 3541 iarn
181 3481 322 3540 subditus
341 3483 477 3541 creatori
498 3484 554 3559 qui
576 3492 619 3543 est
640 3483 815 3542 benedictus
835 3485 871 3541 in
892 3484 1006 3542 secuto.
1035 3513 1069 3523 -
1098 3480 1208 3551 Quosto

94 3581 222 3640 trattato
249 3578 404 3639 confronia
424 3598 479 3640 con
499 3582 598 3658 quello
620 3584 777 3661 contentato
798 3583 846 3641 nol
867 3581 937 3642 (iod.
960 3581 1101 3641 Laurenz.
1116 3599 1144 3637 n.
1159 3577 1208 3638 48.

94 3676 139 3737 Pl.
161 3695 239 3736 xx1x
261 3695 316 3736 oc.
337 3678 389 3749 33;
412 3697 492 3739 como
512 3698 586 3755 pure
607 3699 660 3740 con
674 3677 695 3738 l'
705 3680 781 3739 oltra
796 3680 835 3740 N.
851 3681 869 3738 6
891 3680 938 3739 del
952 3679 1021 3739 Cod.
1035 3676 1210 3749 Riccord.,o

92 3793 146 3834 con
160 3793 218 3834 uno
241 3774 272 3833 di
285 3775 404 3852 Napoli‚
425 3776 473 3836 del
493 3779 580 3847 quale
602 3777 700 3838 diemo
720 3799 737 3838 o
758 3797 811 3838 suo
832 3779 923 3855 luogo
937 3778 965 3837 lo
981 3774 1162 3836 indicationi.
1183 3773 1208 3832 ΙΙ

91 3874 208 3951 dialogo
223 3874 254 3933 in
267 3875 370 3950 parola
384 3879 400 3934 ὸ
414 3876 510 3952 quello
525 3877 577 3935 cho
591 3876 760 3953 appartiene
775 3878 941 3936 veromente
952 3894 969 3933 a
980 3872 1110 3945 Oddonc,
1123 3890 1138 3930 e
1151 3890 1209 3930 non

91 3972 141 4049 gio
162 3991 180 4031 o
203 3971 299 4032 Guido
321 3973 371 4032 cui
387 3975 419 4033 10
436 3961 551 4034 'ascrive
572 3974 592 4033 1'
601 3991 783 4034 amanuenso.

35 4090 37 4095 ·
131 4075 154 4126 A
182 4068 249 4128 c.¹!.
277 4069 421 4131 Eussous
446 4071 596 4130 Jousnms
620 4090 658 4130 so
685 4071 879 4150 Foocssnun
902 4086 1064 4129 snscoron
1086 4084 1126 4128 os
1152 4085 1208 4127 na-

93 4185 165 4226 ctos.
188 4167 355 4228 Comincio:
371 4171 502 4227 Domino
526 4178 554 4227 et
573 4169 663 4244 patri
683 4187 739 4228 suo
761 4169 933 4228 venerabili
954 4167 1129 4241 Anpiorunn
1148 4170 1209 4222 An·

93 4267 182 4325 tistiti
201 4268 367 4341 Fuipentio
382 4268 450 4325 oiro
465 4268 580 4326 scilicet
594 4285 708 4326 nomen
720 4284 760 4326 en
774 4283 809 4326 re
823 4267 948 4326 habenti
967 4267 1081 4342 quippe
1104 4266 1161 4342 qui
1182 4272 1212 4322 et

89 4364 264 4438 prudentia
274 4347 369 4439 pollet
377 4366 578 4424 etsanctitate
585 4367 698 4442 fulpet,
708 4365 861 4426 Jonssass
870 4381 978 4424 servus
988 4379 1147 4424 scr-norunt
1156 4362 1211 4419 Dei
