<?xml version="1.0" encoding="UTF-8"?>
<!DOCTYPE html PUBLIC "-//W3C//DTD XHTML 1.0 Transitional//EN"
    "http://www.w3.org/TR/xhtml1/DTD/xhtml1-transitional.dtd">
<html xmlns="http://www.w3.org/1999/xhtml" xml:lang="en" lang="en">
 <head>
  <title>
</title>
<meta http-equiv="Content-Type" content="text/html;charset=utf-8" />
  <meta name='ocr-system' content='tesseract 3.04.00' />
  <meta name='ocr-capabilities' content='ocr_page ocr_carea ocr_par ocr_line ocrx_word'/>
</head>
<body>
  <div class='ocr_page' id='page_1' title='image "./guidoaretinomon00brangoog/guidoaretinomon00brangoog_0408.png"; bbox 0 0 3120 5144; ppageno 0'>
   <div class='ocr_carea' id='block_1_1' title="bbox 300 416 1037 473">
    <p class='ocr_par' dir='ltr' id='par_1_1' title="bbox 300 416 1037 473">
     <span class='ocr_line' id='line_1_1' title="bbox 300 416 1037 473; baseline 0.004 -3"><span class='ocrx_word' id='word_1_1' title='bbox 300 419 353 471; x_wconf 77' lang='lat'><strong>414</strong></span> <span class='ocrx_word' id='word_1_2' title='bbox 743 416 856 472; x_wconf 85' lang='lat' dir='ltr'><strong>GUIDO</strong></span> <span class='ocrx_word' id='word_1_3' title='bbox 876 417 1037 473; x_wconf 79' lang='lat' dir='ltr'><strong>ARuTINO</strong></span> 
     </span>
    </p>
   </div>
   <div class='ocr_carea' id='block_1_2' title="bbox 300 560 1483 2892">
    <p class='ocr_par' dir='ltr' id='par_1_2' title="bbox 300 560 1483 2892">
     <span class='ocr_line' id='line_1_2' title="bbox 301 560 1482 653; baseline 0.008 -29"><span class='ocrx_word' id='word_1_4' title='bbox 301 561 385 625; x_wconf 91' lang='lat' dir='ltr'><strong>suris</strong></span> <span class='ocrx_word' id='word_1_5' title='bbox 406 560 625 647; x_wconf 88' lang='lat' dir='ltr'><strong>disponuntur</strong></span> <span class='ocrx_word' id='word_1_6' title='bbox 647 563 710 645; x_wconf 91' lang='lat' dir='ltr'><strong>(l):</strong></span> <span class='ocrx_word' id='word_1_7' title='bbox 735 565 760 625; x_wconf 97' lang='grc' dir='ltr'>Γ</span> <span class='ocrx_word' id='word_1_8' title='bbox 783 583 935 647; x_wconf 82' lang='lat' dir='ltr'><strong>graeoum,</strong></span> <span class='ocrx_word' id='word_1_9' title='bbox 960 560 1022 626; x_wconf 89' lang='lat' dir='ltr'><strong>hoo</strong></span> <span class='ocrx_word' id='word_1_10' title='bbox 1045 571 1098 627; x_wconf 87' lang='lat' dir='ltr'><strong>est</strong></span> <span class='ocrx_word' id='word_1_11' title='bbox 1123 563 1153 628; x_wconf 74' lang='lat' dir='ltr'><strong><em>G</em></strong></span> <span class='ocrx_word' id='word_1_12' title='bbox 1176 563 1318 630; x_wconf 90' lang='lat' dir='ltr'><strong>latinum</strong></span> <span class='ocrx_word' id='word_1_13' title='bbox 1337 589 1424 653; x_wconf 92' lang='lat' dir='ltr'><strong>pone</strong></span> <span class='ocrx_word' id='word_1_14' title='bbox 1448 568 1482 633; x_wconf 88' lang='lat' dir='ltr'><strong>in</strong></span> 
     </span>
     <span class='ocr_line' id='line_1_3' title="bbox 300 667 1482 756; baseline 0.007 -24"><span class='ocrx_word' id='word_1_15' title='bbox 300 669 420 755; x_wconf 83' lang='lat' dir='ltr'><strong>eapite.</strong></span> <span class='ocrx_word' id='word_1_16' title='bbox 445 668 489 733; x_wconf 85' lang='lat' dir='ltr'><strong>Et</strong></span> <span class='ocrx_word' id='word_1_17' title='bbox 513 668 591 733; x_wconf 91' lang='lat' dir='ltr'><strong>inde</strong></span> <span class='ocrx_word' id='word_1_18' title='bbox 622 669 784 755; x_wconf 83' lang='lat' dir='ltr'><strong>incipiens</strong></span> <span class='ocrx_word' id='word_1_19' title='bbox 808 677 910 733; x_wconf 89' lang='lat' dir='ltr'><strong>totam</strong></span> <span class='ocrx_word' id='word_1_20' title='bbox 933 667 1066 752; x_wconf 88' lang='lat' dir='ltr'><strong>lineam,</strong></span> <span class='ocrx_word' id='word_1_21' title='bbox 1091 692 1163 756; x_wconf 86' lang='lat' dir='ltr'><strong>quae</strong></span> <span class='ocrx_word' id='word_1_22' title='bbox 1194 674 1326 736; x_wconf 89' lang='lat' dir='ltr'><strong>sonanti</strong></span> <span class='ocrx_word' id='word_1_23' title='bbox 1350 674 1482 740; x_wconf 81' lang='lat' dir='ltr'><strong>ehordae</strong></span> 
     </span>
     <span class='ocr_line' id='line_1_4' title="bbox 300 774 1483 866; baseline 0.006 -28"><span class='ocrx_word' id='word_1_24' title='bbox 300 774 459 861; x_wconf 83' lang='lat' dir='ltr'><strong>subiacet,</strong></span> <span class='ocrx_word' id='word_1_25' title='bbox 484 798 543 862; x_wconf 93' lang='lat' dir='ltr'><strong>per</strong></span> <span class='ocrx_word' id='word_1_26' title='bbox 566 797 684 840; x_wconf 89' lang='lat' dir='ltr'><strong>novem</strong></span> <span class='ocrx_word' id='word_1_27' title='bbox 700 785 810 861; x_wconf 90' lang='lat' dir='ltr'><strong>partes</strong></span> <span class='ocrx_word' id='word_1_28' title='bbox 829 775 1066 841; x_wconf 81' lang='lat' dir='ltr'><strong>studiosissime</strong></span> <span class='ocrx_word' id='word_1_29' title='bbox 1092 777 1216 862; x_wconf 92' lang='lat' dir='ltr'><strong>divide,</strong></span> <span class='ocrx_word' id='word_1_30' title='bbox 1240 779 1268 842; x_wconf 76' lang='lat' dir='ltr'><strong>dr</strong></span> <span class='ocrx_word' id='word_1_31' title='bbox 1290 779 1348 844; x_wconf 92' lang='lat' dir='ltr'><strong>ubi</strong></span> <span class='ocrx_word' id='word_1_32' title='bbox 1373 783 1483 866; x_wconf 87' lang='lat' dir='ltr'><strong>prima</strong></span> 
     </span>
     <span class='ocr_line' id='line_1_5' title="bbox 300 881 1482 972; baseline 0.004 -26"><span class='ocrx_word' id='word_1_33' title='bbox 300 902 377 966; x_wconf 86' lang='lat' dir='ltr'><strong>pars</strong></span> <span class='ocrx_word' id='word_1_34' title='bbox 401 881 516 946; x_wconf 88' lang='lat' dir='ltr'><strong>fecerit</strong></span> <span class='ocrx_word' id='word_1_35' title='bbox 535 882 634 946; x_wconf 89' lang='lat' dir='ltr'><strong>finem</strong></span> <span class='ocrx_word' id='word_1_36' title='bbox 653 883 748 947; x_wconf 84' lang='lat' dir='ltr'><strong>iuxta</strong></span> <span class='ocrx_word' id='word_1_37' title='bbox 768 882 910 947; x_wconf 76' lang='lat' dir='ltr'><strong>Gramma</strong></span> <span class='ocrx_word' id='word_1_38' title='bbox 927 883 1070 968; x_wconf 84' lang='lat' dir='ltr'><strong>primam</strong></span> <span class='ocrx_word' id='word_1_39' title='bbox 1089 885 1233 950; x_wconf 82' lang='lat' dir='ltr'><strong>litteram</strong></span> <span class='ocrx_word' id='word_1_40' title='bbox 1257 908 1341 972; x_wconf 92' lang='lat' dir='ltr'><strong>pone</strong></span> <span class='ocrx_word' id='word_1_41' title='bbox 1361 887 1407 951; x_wconf 88' lang='lat' dir='ltr'><strong>A.</strong></span> <span class='ocrx_word' id='word_1_42' title='bbox 1427 887 1482 952; x_wconf 87' lang='lat' dir='ltr'><strong>Ab</strong></span> 
     </span>
     <span class='ocr_line' id='line_1_6' title="bbox 301 988 1480 1077; baseline 0.007 -26"><span class='ocrx_word' id='word_1_43' title='bbox 301 989 372 1074; x_wconf 89' lang='lat' dir='ltr'><strong>ipsa</strong></span> <span class='ocrx_word' id='word_1_44' title='bbox 396 988 503 1074; x_wconf 88' lang='lat' dir='ltr'><strong>prima</strong></span> <span class='ocrx_word' id='word_1_45' title='bbox 522 988 674 1053; x_wconf 88' lang='lat' dir='ltr'><strong>similiter</strong></span> <span class='ocrx_word' id='word_1_46' title='bbox 693 1011 796 1075; x_wconf 90' lang='lat' dir='ltr'><strong>usque</strong></span> <span class='ocrx_word' id='word_1_47' title='bbox 816 988 973 1054; x_wconf 87' lang='lat' dir='ltr'><strong>adfinem</strong></span> <span class='ocrx_word' id='word_1_48' title='bbox 993 992 1119 1076; x_wconf 81' lang='lat' dir='ltr'><strong>partire</strong></span> <span class='ocrx_word' id='word_1_49' title='bbox 1143 1014 1201 1077; x_wconf 90' lang='lat' dir='ltr'><strong>per</strong></span> <span class='ocrx_word' id='word_1_50' title='bbox 1225 1015 1355 1076; x_wconf 90' lang='lat' dir='ltr'><strong>novem,</strong></span> <span class='ocrx_word' id='word_1_51' title='bbox 1376 994 1480 1059; x_wconf 82' lang='lat' dir='ltr'><strong>&amp;ubi</strong></span> 
     </span>
     <span class='ocr_line' id='line_1_7' title="bbox 301 1095 1482 1185; baseline 0.006 -27"><span class='ocrx_word' id='word_1_52' title='bbox 301 1096 409 1181; x_wconf 89' lang='lat' dir='ltr'><strong>prima</strong></span> <span class='ocrx_word' id='word_1_53' title='bbox 437 1117 514 1182; x_wconf 87' lang='lat' dir='ltr'><strong>pars</strong></span> <span class='ocrx_word' id='word_1_54' title='bbox 544 1095 644 1160; x_wconf 90' lang='lat' dir='ltr'><strong>finem</strong></span> <span class='ocrx_word' id='word_1_55' title='bbox 667 1096 793 1176; x_wconf 86' lang='lat' dir='ltr'><strong>feeerit,</strong></span> <span class='ocrx_word' id='word_1_56' title='bbox 823 1095 1002 1168; x_wconf 82' lang='lat' dir='ltr'><strong>secundam</strong></span> <span class='ocrx_word' id='word_1_57' title='bbox 1025 1098 1067 1161; x_wconf 89' lang='lat' dir='ltr'><strong>B.</strong></span> <span class='ocrx_word' id='word_1_58' title='bbox 1090 1096 1237 1163; x_wconf 80' lang='lat' dir='ltr'>litteram</span> <span class='ocrx_word' id='word_1_59' title='bbox 1266 1103 1378 1185; x_wconf 85' lang='lat' dir='ltr'><strong>iunge.</strong></span> <span class='ocrx_word' id='word_1_60' title='bbox 1404 1101 1482 1165; x_wconf 83' lang='lat' dir='ltr'><strong>Post</strong></span> 
     </span>
     <span class='ocr_line' id='line_1_8' title="bbox 302 1200 1481 1292; baseline 0.005 -27"><span class='ocrx_word' id='word_1_61' title='bbox 302 1200 371 1265; x_wconf 86' lang='lat' dir='ltr'><strong>haee</strong></span> <span class='ocrx_word' id='word_1_62' title='bbox 395 1201 438 1265; x_wconf 88' lang='lat' dir='ltr'><strong>ad</strong></span> <span class='ocrx_word' id='word_1_63' title='bbox 463 1203 488 1262; x_wconf 96' lang='grc' dir='ltr'>Γ</span> <span class='ocrx_word' id='word_1_64' title='bbox 512 1211 692 1286; x_wconf 89' lang='lat' dir='ltr'><strong>revertens,</strong></span> <span class='ocrx_word' id='word_1_65' title='bbox 712 1202 754 1267; x_wconf 89' lang='lat' dir='ltr'><strong>ab</strong></span> <span class='ocrx_word' id='word_1_66' title='bbox 779 1204 851 1289; x_wconf 89' lang='lat' dir='ltr'><strong>ipsa</strong></span> <span class='ocrx_word' id='word_1_67' title='bbox 874 1225 976 1288; x_wconf 89' lang='lat' dir='ltr'><strong>usque</strong></span> <span class='ocrx_word' id='word_1_68' title='bbox 1000 1203 1043 1267; x_wconf 89' lang='lat' dir='ltr'><strong>ad</strong></span> <span class='ocrx_word' id='word_1_69' title='bbox 1066 1203 1164 1269; x_wconf 87' lang='lat' dir='ltr'><strong>finem</strong></span> <span class='ocrx_word' id='word_1_70' title='bbox 1188 1205 1301 1270; x_wconf 90' lang='lat' dir='ltr'><strong>divide</strong></span> <span class='ocrx_word' id='word_1_71' title='bbox 1320 1228 1381 1292; x_wconf 93' lang='lat' dir='ltr'><strong>per</strong></span> <span class='ocrx_word' id='word_1_72' title='bbox 1400 1229 1481 1292; x_wconf 87' lang='lat' dir='ltr'><strong>qua·</strong></span> 
     </span>
     <span class='ocr_line' id='line_1_9' title="bbox 301 1310 1481 1397; baseline 0.003 -24"><span class='ocrx_word' id='word_1_73' title='bbox 301 1318 376 1373; x_wconf 92' lang='lat' dir='ltr'><strong>tuor</strong></span> <span class='ocrx_word' id='word_1_74' title='bbox 406 1317 526 1396; x_wconf 87' lang='lat' dir='ltr'><strong>partes,</strong></span> <span class='ocrx_word' id='word_1_75' title='bbox 551 1310 579 1373; x_wconf 75' lang='lat' dir='ltr'><strong>do</strong></span> <span class='ocrx_word' id='word_1_76' title='bbox 601 1310 636 1374; x_wconf 93' lang='lat' dir='ltr'><strong>in</strong></span> <span class='ocrx_word' id='word_1_77' title='bbox 659 1311 773 1396; x_wconf 86' lang='lat' dir='ltr'><strong>primae</strong></span> <span class='ocrx_word' id='word_1_78' title='bbox 797 1312 900 1395; x_wconf 83' lang='lat' dir='ltr'><strong>partis</strong></span> <span class='ocrx_word' id='word_1_79' title='bbox 919 1310 1019 1375; x_wconf 90' lang='lat' dir='ltr'><strong>finem</strong></span> <span class='ocrx_word' id='word_1_80' title='bbox 1044 1313 1175 1376; x_wconf 81' lang='lat' dir='ltr'><strong>tertiam</strong></span> <span class='ocrx_word' id='word_1_81' title='bbox 1201 1311 1237 1376; x_wconf 82' lang='lat' dir='ltr'><strong>C.</strong></span> <span class='ocrx_word' id='word_1_82' title='bbox 1261 1335 1365 1397; x_wconf 93' lang='lat' dir='ltr'><strong>pone:</strong></span> <span class='ocrx_word' id='word_1_83' title='bbox 1392 1315 1481 1378; x_wconf 90' lang='lat' dir='ltr'><strong>simi-</strong></span> 
     </span>
     <span class='ocr_line' id='line_1_10' title="bbox 300 1414 1480 1505; baseline 0.002 -25"><span class='ocrx_word' id='word_1_84' title='bbox 300 1416 377 1480; x_wconf 89' lang='lat' dir='ltr'><strong>liter</strong></span> <span class='ocrx_word' id='word_1_85' title='bbox 395 1439 414 1480; x_wconf 91' lang='lat' dir='ltr'><strong>a</strong></span> <span class='ocrx_word' id='word_1_86' title='bbox 433 1418 539 1501; x_wconf 89' lang='lat' dir='ltr'><strong>prima</strong></span> <span class='ocrx_word' id='word_1_87' title='bbox 558 1414 602 1480; x_wconf 84' lang='lat' dir='ltr'><strong>A.</strong></span> <span class='ocrx_word' id='word_1_88' title='bbox 623 1417 736 1482; x_wconf 89' lang='lat' dir='ltr'><strong>divide</strong></span> <span class='ocrx_word' id='word_1_89' title='bbox 754 1440 813 1502; x_wconf 90' lang='lat' dir='ltr'><strong>per</strong></span> <span class='ocrx_word' id='word_1_90' title='bbox 827 1426 978 1502; x_wconf 82' lang='lat' dir='ltr'><strong>quatuor,</strong></span> <span class='ocrx_word' id='word_1_91' title='bbox 998 1417 1193 1482; x_wconf 79' lang='lat' dir='ltr'><strong>&amp;similiter</strong></span> <span class='ocrx_word' id='word_1_92' title='bbox 1212 1418 1363 1504; x_wconf 80' lang='lat' dir='ltr'>signabis</span> <span class='ocrx_word' id='word_1_93' title='bbox 1383 1441 1480 1505; x_wconf 86' lang='lat' dir='ltr'><strong>quar·</strong></span> 
     </span>
     <span class='ocr_line' id='line_1_11' title="bbox 302 1523 1483 1612; baseline 0.003 -26"><span class='ocrx_word' id='word_1_94' title='bbox 302 1533 370 1587; x_wconf 87' lang='lat' dir='ltr'><strong>tam</strong></span> <span class='ocrx_word' id='word_1_95' title='bbox 393 1524 438 1588; x_wconf 84' lang='lat' dir='ltr'><strong>D.</strong></span> <span class='ocrx_word' id='word_1_96' title='bbox 458 1523 584 1588; x_wconf 85' lang='lat' dir='ltr'><strong>Eodem</strong></span> <span class='ocrx_word' id='word_1_97' title='bbox 607 1524 702 1589; x_wconf 93' lang='lat' dir='ltr'><strong>modo</strong></span> <span class='ocrx_word' id='word_1_98' title='bbox 722 1526 807 1588; x_wconf 81' lang='lat' dir='ltr'><strong>siout</strong></span> <span class='ocrx_word' id='word_1_99' title='bbox 825 1547 901 1588; x_wconf 93' lang='lat' dir='ltr'><strong>oum</strong></span> <span class='ocrx_word' id='word_1_100' title='bbox 920 1525 1027 1609; x_wconf 89' lang='lat' dir='ltr'><strong>prima</strong></span> <span class='ocrx_word' id='word_1_101' title='bbox 1050 1524 1187 1589; x_wconf 89' lang='lat' dir='ltr'><strong>inventa</strong></span> <span class='ocrx_word' id='word_1_102' title='bbox 1206 1535 1255 1589; x_wconf 89' lang='lat' dir='ltr'><strong>est</strong></span> <span class='ocrx_word' id='word_1_103' title='bbox 1278 1536 1408 1612; x_wconf 84' lang='lat' dir='ltr'><strong>quarta,</strong></span> <span class='ocrx_word' id='word_1_104' title='bbox 1433 1528 1483 1591; x_wconf 87' lang='lat' dir='ltr'><strong>ita</strong></span> 
     </span>
     <span class='ocr_line' id='line_1_12' title="bbox 301 1630 1483 1716; baseline 0.002 -22"><span class='ocrx_word' id='word_1_105' title='bbox 301 1651 377 1694; x_wconf 85' lang='lat' dir='ltr'><strong>eum</strong></span> <span class='ocrx_word' id='word_1_106' title='bbox 406 1630 551 1694; x_wconf 84' lang='lat' dir='ltr'><strong>secunda</strong></span> <span class='ocrx_word' id='word_1_107' title='bbox 582 1632 730 1695; x_wconf 89' lang='lat' dir='ltr'><strong>invenies</strong></span> <span class='ocrx_word' id='word_1_108' title='bbox 752 1633 786 1694; x_wconf 85' lang='grc' dir='ltr'><em>Ε</em></span> <span class='ocrx_word' id='word_1_109' title='bbox 816 1633 976 1716; x_wconf 85' lang='lat' dir='ltr'><strong>quintam,</strong></span> <span class='ocrx_word' id='word_1_110' title='bbox 1000 1631 1026 1693; x_wconf 79' lang='lat' dir='ltr'><strong>dr</strong></span> <span class='ocrx_word' id='word_1_111' title='bbox 1050 1653 1124 1695; x_wconf 89' lang='lat' dir='ltr'><strong>oum</strong></span> <span class='ocrx_word' id='word_1_112' title='bbox 1148 1632 1247 1695; x_wconf 89' lang='lat' dir='ltr'><strong>tertia</strong></span> <span class='ocrx_word' id='word_1_113' title='bbox 1270 1633 1311 1696; x_wconf 85' lang='lat' dir='ltr'><strong>F.</strong></span> <span class='ocrx_word' id='word_1_114' title='bbox 1337 1640 1483 1711; x_wconf 83' lang='lat' dir='ltr'><strong>sextam,</strong></span> 
     </span>
     <span class='ocr_line' id='line_1_13' title="bbox 302 1737 1481 1824; baseline 0.002 -23"><span class='ocrx_word' id='word_1_115' title='bbox 302 1738 329 1801; x_wconf 79' lang='lat' dir='ltr'><strong>do</strong></span> <span class='ocrx_word' id='word_1_116' title='bbox 353 1759 426 1801; x_wconf 89' lang='lat' dir='ltr'><strong>oum</strong></span> <span class='ocrx_word' id='word_1_117' title='bbox 444 1745 563 1823; x_wconf 86' lang='lat' dir='ltr'><strong>quarta</strong></span> <span class='ocrx_word' id='word_1_118' title='bbox 585 1737 624 1802; x_wconf 73' lang='lat' dir='ltr'><strong>G.</strong></span> <span class='ocrx_word' id='word_1_119' title='bbox 645 1739 828 1824; x_wconf 83' lang='lat' dir='ltr'><strong>septimam.</strong></span> <span class='ocrx_word' id='word_1_120' title='bbox 848 1737 979 1802; x_wconf 88' lang='lat' dir='ltr'><strong>Deinde</strong></span> <span class='ocrx_word' id='word_1_121' title='bbox 997 1737 1128 1801; x_wconf 88' lang='lat' dir='ltr'><strong>rediens</strong></span> <span class='ocrx_word' id='word_1_122' title='bbox 1147 1738 1189 1802; x_wconf 94' lang='lat' dir='ltr'><strong>ad</strong></span> <span class='ocrx_word' id='word_1_123' title='bbox 1212 1740 1354 1823; x_wconf 89' lang='lat' dir='ltr'><strong>primam</strong></span> <span class='ocrx_word' id='word_1_124' title='bbox 1377 1738 1420 1805; x_wconf 80' lang='lat' dir='ltr'><strong>A.</strong></span> <span class='ocrx_word' id='word_1_125' title='bbox 1438 1739 1481 1803; x_wconf 89' lang='lat' dir='ltr'><strong>ab</strong></span> 
     </span>
     <span class='ocr_line' id='line_1_14' title="bbox 301 1843 1480 1932; baseline 0.003 -26"><span class='ocrx_word' id='word_1_126' title='bbox 301 1845 373 1930; x_wconf 89' lang='lat' dir='ltr'><strong>ipsa</strong></span> <span class='ocrx_word' id='word_1_127' title='bbox 397 1866 500 1930; x_wconf 89' lang='lat' dir='ltr'><strong>usque</strong></span> <span class='ocrx_word' id='word_1_128' title='bbox 524 1843 567 1907; x_wconf 88' lang='lat' dir='ltr'><strong>ad</strong></span> <span class='ocrx_word' id='word_1_129' title='bbox 585 1843 684 1909; x_wconf 89' lang='lat' dir='ltr'><strong>finem</strong></span> <span class='ocrx_word' id='word_1_130' title='bbox 707 1845 742 1907; x_wconf 89' lang='lat' dir='ltr'><strong>in</strong></span> <span class='ocrx_word' id='word_1_131' title='bbox 762 1844 868 1909; x_wconf 90' lang='lat' dir='ltr'><strong>modio</strong></span> <span class='ocrx_word' id='word_1_132' title='bbox 885 1845 989 1930; x_wconf 83' lang='lat' dir='ltr'><strong>spatio</strong></span> <span class='ocrx_word' id='word_1_133' title='bbox 1009 1845 1156 1909; x_wconf 90' lang='lat' dir='ltr'><strong>invenies</strong></span> <span class='ocrx_word' id='word_1_134' title='bbox 1175 1845 1315 1909; x_wconf 84' lang='lat' dir='ltr'><strong>alteram</strong></span> <span class='ocrx_word' id='word_1_135' title='bbox 1338 1848 1480 1932; x_wconf 88' lang='lat' dir='ltr'><strong>primam</strong></span> 
     </span>
     <span class='ocr_line' id='line_1_15' title="bbox 301 1950 1480 2018; baseline 0.002 -4"><span class='ocrx_word' id='word_1_136' title='bbox 301 1975 333 2014; x_wconf 86' lang='lat' dir='ltr'><strong>a.</strong></span> <span class='ocrx_word' id='word_1_137' title='bbox 358 1951 561 2016; x_wconf 78' lang='lat' dir='ltr'><strong>&amp;similiter</strong></span> <span class='ocrx_word' id='word_1_138' title='bbox 584 1973 659 2016; x_wconf 92' lang='lat' dir='ltr'><strong>oum</strong></span> <span class='ocrx_word' id='word_1_139' title='bbox 688 1950 832 2016; x_wconf 83' lang='lat' dir='ltr'><strong>secunda</strong></span> <span class='ocrx_word' id='word_1_140' title='bbox 861 1953 1009 2016; x_wconf 88' lang='lat' dir='ltr'><strong>invenies</strong></span> <span class='ocrx_word' id='word_1_141' title='bbox 1037 1951 1175 2017; x_wconf 90' lang='lat' dir='ltr'><strong>alteram</strong></span> <span class='ocrx_word' id='word_1_142' title='bbox 1199 1951 1380 2016; x_wconf 83' lang='lat' dir='ltr'><strong>secundam</strong></span> <span class='ocrx_word' id='word_1_143' title='bbox 1403 1953 1480 2018; x_wconf 66' lang='lat' dir='ltr'><strong>iu&amp;</strong></span> 
     </span>
     <span class='ocr_line' id='line_1_16' title="bbox 302 2058 1481 2149; baseline 0.003 -28"><span class='ocrx_word' id='word_1_144' title='bbox 302 2080 377 2122; x_wconf 89' lang='lat' dir='ltr'><strong>oum</strong></span> <span class='ocrx_word' id='word_1_145' title='bbox 395 2059 492 2122; x_wconf 89' lang='lat' dir='ltr'><strong>tertia</strong></span> <span class='ocrx_word' id='word_1_146' title='bbox 509 2059 643 2123; x_wconf 87' lang='lat' dir='ltr'><strong>tertiam</strong></span> <span class='ocrx_word' id='word_1_147' title='bbox 662 2082 689 2124; x_wconf 89' lang='lat' dir='ltr'><strong>e.</strong></span> <span class='ocrx_word' id='word_1_148' title='bbox 712 2061 761 2123; x_wconf 89' lang='lat' dir='ltr'><strong>sio</strong></span> <span class='ocrx_word' id='word_1_149' title='bbox 779 2060 806 2122; x_wconf 77' lang='lat' dir='ltr'><strong>dr</strong></span> <span class='ocrx_word' id='word_1_150' title='bbox 824 2059 864 2122; x_wconf 92' lang='lat' dir='ltr'><strong>de</strong></span> <span class='ocrx_word' id='word_1_151' title='bbox 884 2059 1019 2144; x_wconf 89' lang='lat' dir='ltr'><strong>reliquis</strong></span> <span class='ocrx_word' id='word_1_152' title='bbox 1038 2058 1081 2123; x_wconf 85' lang='lat' dir='ltr'><strong>ad</strong></span> <span class='ocrx_word' id='word_1_153' title='bbox 1101 2059 1252 2149; x_wconf 84' lang='lat' dir='ltr'><strong>eumdem</strong></span> <span class='ocrx_word' id='word_1_154' title='bbox 1271 2059 1407 2124; x_wconf 92' lang='lat' dir='ltr'><strong>modum</strong></span> <span class='ocrx_word' id='word_1_155' title='bbox 1422 2081 1481 2146; x_wconf 89' lang='lat' dir='ltr'><strong>per</strong></span> 
     </span>
     <span class='ocr_line' id='line_1_17' title="bbox 302 2164 1482 2256; baseline 0.001 -27"><span class='ocrx_word' id='word_1_156' title='bbox 302 2164 470 2252; x_wconf 88' lang='lat' dir='ltr'><strong>diapason.</strong></span> <span class='ocrx_word' id='word_1_157' title='bbox 495 2165 540 2230; x_wconf 83' lang='lat' dir='ltr'><strong>Et</strong></span> <span class='ocrx_word' id='word_1_158' title='bbox 554 2174 592 2230; x_wconf 92' lang='lat' dir='ltr'><strong>ut</strong></span> <span class='ocrx_word' id='word_1_159' title='bbox 612 2166 653 2230; x_wconf 93' lang='lat' dir='ltr'><strong>de</strong></span> <span class='ocrx_word' id='word_1_160' title='bbox 671 2165 832 2238; x_wconf 90' lang='lat' dir='ltr'><strong>divisione</strong></span> <span class='ocrx_word' id='word_1_161' title='bbox 851 2165 1064 2230; x_wconf 84' lang='lat' dir='ltr'><strong>monochordi</strong></span> <span class='ocrx_word' id='word_1_162' title='bbox 1085 2167 1119 2230; x_wconf 92' lang='lat' dir='ltr'><strong>in</strong></span> <span class='ocrx_word' id='word_1_163' title='bbox 1141 2164 1383 2256; x_wconf 82' lang='lat' dir='ltr'><strong>pauoismulta</strong></span> <span class='ocrx_word' id='word_1_164' title='bbox 1406 2188 1482 2231; x_wconf 90' lang='lat' dir='ltr'><strong>oon-</strong></span> 
     </span>
     <span class='ocr_line' id='line_1_18' title="bbox 302 2273 1479 2359; baseline 0.002 -23"><span class='ocrx_word' id='word_1_165' title='bbox 302 2275 473 2358; x_wconf 82' lang='lat' dir='ltr'><strong>stringam,</strong></span> <span class='ocrx_word' id='word_1_166' title='bbox 494 2295 606 2337; x_wconf 88' lang='lat' dir='ltr'><strong>omnes</strong></span> <span class='ocrx_word' id='word_1_167' title='bbox 628 2275 695 2337; x_wconf 90' lang='lat' dir='ltr'><strong>toni</strong></span> <span class='ocrx_word' id='word_1_168' title='bbox 719 2295 837 2338; x_wconf 89' lang='lat' dir='ltr'><strong>novem</strong></span> <span class='ocrx_word' id='word_1_169' title='bbox 860 2273 903 2336; x_wconf 85' lang='lat' dir='ltr'><strong>ad</strong></span> <span class='ocrx_word' id='word_1_170' title='bbox 926 2273 1024 2337; x_wconf 86' lang='lat' dir='ltr'><strong>finem</strong></span> <span class='ocrx_word' id='word_1_171' title='bbox 1049 2273 1200 2359; x_wconf 90' lang='lat' dir='ltr'><strong>passibus</strong></span> <span class='ocrx_word' id='word_1_172' title='bbox 1224 2282 1374 2338; x_wconf 86' lang='lat' dir='ltr'><strong>currunt.</strong></span> <span class='ocrx_word' id='word_1_173' title='bbox 1399 2275 1479 2338; x_wconf 90' lang='lat' dir='ltr'><strong>Dia-</strong></span> 
     </span>
     <span class='ocr_line' id='line_1_19' title="bbox 301 2380 1480 2467; baseline 0 -23"><span class='ocrx_word' id='word_1_174' title='bbox 301 2390 448 2445; x_wconf 85' lang='lat' dir='ltr'><strong>tessaron</strong></span> <span class='ocrx_word' id='word_1_175' title='bbox 467 2403 546 2446; x_wconf 86' lang='lat' dir='ltr'><strong>vero</strong></span> <span class='ocrx_word' id='word_1_176' title='bbox 565 2403 694 2467; x_wconf 90' lang='lat' dir='ltr'><strong>semper</strong></span> <span class='ocrx_word' id='word_1_177' title='bbox 713 2390 853 2466; x_wconf 89' lang='lat' dir='ltr'><strong>quatuor</strong></span> <span class='ocrx_word' id='word_1_178' title='bbox 863 2402 979 2467; x_wconf 88' lang='lat' dir='ltr'><strong>passus</strong></span> <span class='ocrx_word' id='word_1_179' title='bbox 992 2380 1083 2464; x_wconf 82' lang='lat' dir='ltr'><strong>facit,</strong></span> <span class='ocrx_word' id='word_1_180' title='bbox 1097 2381 1253 2466; x_wconf 87' lang='lat' dir='ltr'><strong>diapente</strong></span> <span class='ocrx_word' id='word_1_181' title='bbox 1265 2390 1343 2464; x_wconf 87' lang='lat' dir='ltr'><strong>tres,</strong></span> <span class='ocrx_word' id='word_1_182' title='bbox 1365 2381 1392 2444; x_wconf 75' lang='lat' dir='ltr'><strong>dr</strong></span> <span class='ocrx_word' id='word_1_183' title='bbox 1411 2381 1480 2445; x_wconf 86' lang='lat' dir='ltr'><strong>dia-</strong></span> 
     </span>
     <span class='ocr_line' id='line_1_20' title="bbox 300 2485 1479 2574; baseline 0.001 -23"><span class='ocrx_word' id='word_1_184' title='bbox 300 2509 402 2572; x_wconf 89' lang='lat' dir='ltr'><strong>pason</strong></span> <span class='ocrx_word' id='word_1_185' title='bbox 427 2487 519 2570; x_wconf 92' lang='lat' dir='ltr'><strong>duos,</strong></span> <span class='ocrx_word' id='word_1_186' title='bbox 544 2489 623 2574; x_wconf 91' lang='lat' dir='ltr'><strong>quia</strong></span> <span class='ocrx_word' id='word_1_187' title='bbox 638 2487 689 2552; x_wconf 91' lang='lat' dir='ltr'><strong>his</strong></span> <span class='ocrx_word' id='word_1_188' title='bbox 706 2497 834 2552; x_wconf 91' lang='lat' dir='ltr'><strong>tantum</strong></span> <span class='ocrx_word' id='word_1_189' title='bbox 854 2497 995 2573; x_wconf 88' lang='lat' dir='ltr'><strong>quatuor</strong></span> <span class='ocrx_word' id='word_1_190' title='bbox 1014 2486 1194 2552; x_wconf 89' lang='lat' dir='ltr'><strong>dividimus</strong></span> <span class='ocrx_word' id='word_1_191' title='bbox 1217 2485 1332 2566; x_wconf 81' lang='lat' dir='ltr'><strong>modis.</strong></span> <span class='ocrx_word' id='word_1_192' title='bbox 1349 2487 1479 2552; x_wconf 91' lang='lat' dir='ltr'><strong>Deinde</strong></span> 
     </span>
     <span class='ocr_line' id='line_1_21' title="bbox 300 2593 1479 2680; baseline -0.001 -21"><span class='ocrx_word' id='word_1_193' title='bbox 300 2604 387 2677; x_wconf 86' lang='lat' dir='ltr'><strong>nota,</strong></span> <span class='ocrx_word' id='word_1_194' title='bbox 413 2595 500 2680; x_wconf 92' lang='lat' dir='ltr'><strong>quod</strong></span> <span class='ocrx_word' id='word_1_195' title='bbox 524 2597 610 2660; x_wconf 92' lang='lat' dir='ltr'><strong>inter</strong></span> <span class='ocrx_word' id='word_1_196' title='bbox 629 2595 807 2660; x_wconf 80' lang='lat' dir='ltr'><strong>secundam</strong></span> <span class='ocrx_word' id='word_1_197' title='bbox 831 2595 1012 2659; x_wconf 76' lang='lat' dir='ltr'><strong>&amp;tertiam</strong></span> <span class='ocrx_word' id='word_1_198' title='bbox 1036 2593 1090 2659; x_wconf 89' lang='lat' dir='ltr'><strong>vel</strong></span> <span class='ocrx_word' id='word_1_199' title='bbox 1114 2596 1201 2658; x_wconf 92' lang='lat' dir='ltr'><strong>inter</strong></span> <span class='ocrx_word' id='word_1_200' title='bbox 1217 2595 1370 2680; x_wconf 88' lang='lat' dir='ltr'><strong>quintam</strong></span> <span class='ocrx_word' id='word_1_201' title='bbox 1389 2595 1417 2657; x_wconf 77' lang='lat' dir='ltr'><strong>dr</strong></span> <span class='ocrx_word' id='word_1_202' title='bbox 1434 2616 1479 2658; x_wconf 91' lang='lat' dir='ltr'><strong>se·</strong></span> 
     </span>
     <span class='ocr_line' id='line_1_22' title="bbox 301 2702 1478 2789; baseline 0.001 -23"><span class='ocrx_word' id='word_1_203' title='bbox 301 2712 394 2767; x_wconf 86' lang='lat' dir='ltr'><strong>xtam</strong></span> <span class='ocrx_word' id='word_1_204' title='bbox 415 2704 613 2789; x_wconf 87' lang='lat' dir='ltr'><strong>parvissima</strong></span> <span class='ocrx_word' id='word_1_205' title='bbox 640 2705 750 2789; x_wconf 90' lang='lat' dir='ltr'><strong>spatia</strong></span> <span class='ocrx_word' id='word_1_206' title='bbox 776 2702 867 2785; x_wconf 90' lang='lat' dir='ltr'><strong>fiant,</strong></span> <span class='ocrx_word' id='word_1_207' title='bbox 893 2725 965 2788; x_wconf 86' lang='lat' dir='ltr'><strong>quae</strong></span> <span class='ocrx_word' id='word_1_208' title='bbox 995 2703 1169 2767; x_wconf 86' lang='lat' dir='ltr'><strong>semitonia</strong></span> <span class='ocrx_word' id='word_1_209' title='bbox 1192 2712 1371 2784; x_wconf 71' lang='lat' dir='ltr'><strong>vocantur,</strong></span> <span class='ocrx_word' id='word_1_210' title='bbox 1395 2703 1478 2767; x_wconf 89' lang='lat' dir='ltr'><strong>inter</strong></span> 
     </span>
     <span class='ocr_line' id='line_1_23' title="bbox 300 2808 1477 2892; baseline 0.003 -18"><span class='ocrx_word' id='word_1_211' title='bbox 300 2810 383 2874; x_wconf 86' lang='lat' dir='ltr'><strong>alias</strong></span> <span class='ocrx_word' id='word_1_212' title='bbox 407 2832 486 2874; x_wconf 88' lang='lat' dir='ltr'><strong>vero</strong></span> <span class='ocrx_word' id='word_1_213' title='bbox 512 2832 609 2875; x_wconf 87' lang='lat' dir='ltr'><strong>voees</strong></span> <span class='ocrx_word' id='word_1_214' title='bbox 632 2812 758 2874; x_wconf 88' lang='lat' dir='ltr'><strong>maiora</strong></span> <span class='ocrx_word' id='word_1_215' title='bbox 777 2809 955 2875; x_wconf 84' lang='lat' dir='ltr'><strong>intervalla</strong></span> <span class='ocrx_word' id='word_1_216' title='bbox 973 2808 1068 2892; x_wconf 89' lang='lat' dir='ltr'><strong>fiunt,</strong></span> <span class='ocrx_word' id='word_1_217' title='bbox 1090 2809 1118 2871; x_wconf 80' lang='lat' dir='ltr'><strong>do</strong></span> <span class='ocrx_word' id='word_1_218' title='bbox 1140 2808 1297 2873; x_wconf 83' lang='lat' dir='ltr'><strong>dicuntur</strong></span> <span class='ocrx_word' id='word_1_219' title='bbox 1316 2810 1399 2874; x_wconf 82' lang='lat' dir='ltr'><strong>tuni.</strong></span> <span class='ocrx_word' id='word_1_220' title='bbox 1422 2808 1477 2876; x_wconf 79' lang='lat' dir='ltr'><strong>Ar.</strong></span> 
     </span>
    </p>
   </div>
   <div class='ocr_carea' id='block_1_3' title="bbox 300 2916 766 2982">
    <p class='ocr_par' dir='ltr' id='par_1_3' title="bbox 300 2916 766 2982">
     <span class='ocr_line' id='line_1_24' title="bbox 300 2916 766 2982; baseline 0.002 -2"><span class='ocrx_word' id='word_1_221' title='bbox 300 2916 766 2982; x_wconf 53' lang='lat' dir='ltr'><strong>fflfflmfflstffl</strong></span> 
     </span>
    </p>
   </div>
   <div class='ocr_carea' id='block_1_4' title="bbox 262 3031 1478 4188">
    <p class='ocr_par' dir='ltr' id='par_1_4' title="bbox 300 3031 1478 3437">
     <span class='ocr_line' id='line_1_25' title="bbox 344 3031 1478 3117; baseline 0.001 -21"><span class='ocrx_word' id='word_1_222' title='bbox 344 3033 533 3117; x_wconf 86' lang='lat' dir='ltr'><strong>Iunguntur</strong></span> <span class='ocrx_word' id='word_1_223' title='bbox 556 3033 599 3097; x_wconf 91' lang='lat' dir='ltr'><strong>ad</strong></span> <span class='ocrx_word' id='word_1_224' title='bbox 623 3056 657 3096; x_wconf 90' lang='lat' dir='ltr'><strong>se</strong></span> <span class='ocrx_word' id='word_1_225' title='bbox 680 3033 823 3097; x_wconf 85' lang='lat' dir='ltr'><strong>invicem</strong></span> <span class='ocrx_word' id='word_1_226' title='bbox 841 3054 939 3097; x_wconf 86' lang='lat' dir='ltr'><strong>voees</strong></span> <span class='ocrx_word' id='word_1_227' title='bbox 962 3054 1022 3096; x_wconf 83' lang='lat' dir='ltr'><strong>sex</strong></span> <span class='ocrx_word' id='word_1_228' title='bbox 1042 3031 1161 3113; x_wconf 89' lang='lat' dir='ltr'><strong>modis,</strong></span> <span class='ocrx_word' id='word_1_229' title='bbox 1185 3039 1271 3114; x_wconf 91' lang='lat' dir='ltr'><strong>tono,</strong></span> <span class='ocrx_word' id='word_1_230' title='bbox 1293 3032 1478 3114; x_wconf 89' lang='lat' dir='ltr'><strong>semitoni0,</strong></span> 
     </span>
     <span class='ocr_line' id='line_1_26' title="bbox 301 3130 1478 3226; baseline -0.002 -23"><span class='ocrx_word' id='word_1_231' title='bbox 301 3130 423 3222; x_wconf 89' lang='lat' dir='ltr'><strong>ditono,</strong></span> <span class='ocrx_word' id='word_1_232' title='bbox 440 3139 647 3224; x_wconf 81' lang='lat' dir='ltr'><strong>semiditono,</strong></span> <span class='ocrx_word' id='word_1_233' title='bbox 664 3139 880 3221; x_wconf 83' lang='lat' dir='ltr'><strong>diatessaron,</strong></span> <span class='ocrx_word' id='word_1_234' title='bbox 900 3139 1065 3225; x_wconf 89' lang='lat' dir='ltr'><strong>diapente.</strong></span> <span class='ocrx_word' id='word_1_235' title='bbox 1085 3138 1138 3202; x_wconf 92' lang='lat' dir='ltr'><strong>De</strong></span> <span class='ocrx_word' id='word_1_236' title='bbox 1157 3146 1233 3202; x_wconf 93' lang='lat' dir='ltr'><strong>tono</strong></span> <span class='ocrx_word' id='word_1_237' title='bbox 1250 3146 1363 3226; x_wconf 90' lang='lat' dir='ltr'><strong>autem</strong></span> <span class='ocrx_word' id='word_1_238' title='bbox 1387 3139 1478 3202; x_wconf 80' lang='lat' dir='ltr'><strong>&amp;se-</strong></span> 
     </span>
     <span class='ocr_line' id='line_1_27' title="bbox 300 3244 1476 3334; baseline -0.002 -22"><span class='ocrx_word' id='word_1_239' title='bbox 300 3248 434 3312; x_wconf 89' lang='lat' dir='ltr'><strong>mitonio</strong></span> <span class='ocrx_word' id='word_1_240' title='bbox 454 3247 728 3334; x_wconf 85' lang='lat' dir='ltr'><strong>supradiximus.</strong></span> <span class='ocrx_word' id='word_1_241' title='bbox 747 3248 891 3312; x_wconf 88' lang='lat' dir='ltr'><strong>Ditonus</strong></span> <span class='ocrx_word' id='word_1_242' title='bbox 911 3254 1023 3310; x_wconf 91' lang='lat' dir='ltr'><strong>autem</strong></span> <span class='ocrx_word' id='word_1_243' title='bbox 1038 3253 1098 3327; x_wconf 89' lang='lat' dir='ltr'><strong>est,</strong></span> <span class='ocrx_word' id='word_1_244' title='bbox 1119 3244 1198 3308; x_wconf 92' lang='lat' dir='ltr'><strong>dum</strong></span> <span class='ocrx_word' id='word_1_245' title='bbox 1217 3245 1305 3308; x_wconf 90' lang='lat' dir='ltr'><strong>inter</strong></span> <span class='ocrx_word' id='word_1_246' title='bbox 1325 3244 1409 3310; x_wconf 89' lang='lat' dir='ltr'><strong>duas</strong></span> <span class='ocrx_word' id='word_1_247' title='bbox 1424 3267 1476 3310; x_wconf 93' lang='lat' dir='ltr'><strong>vo·</strong></span> 
     </span>
     <span class='ocr_line' id='line_1_28' title="bbox 301 3350 1435 3437; baseline -0.002 -19"><span class='ocrx_word' id='word_1_248' title='bbox 301 3375 354 3418; x_wconf 82' lang='lat' dir='ltr'><strong>ces</strong></span> <span class='ocrx_word' id='word_1_249' title='bbox 377 3353 441 3418; x_wconf 93' lang='lat' dir='ltr'><strong>duo</strong></span> <span class='ocrx_word' id='word_1_250' title='bbox 465 3359 542 3418; x_wconf 88' lang='lat' dir='ltr'><strong>sunt</strong></span> <span class='ocrx_word' id='word_1_251' title='bbox 564 3355 644 3435; x_wconf 91' lang='lat' dir='ltr'><strong>toni,</strong></span> <span class='ocrx_word' id='word_1_252' title='bbox 669 3363 707 3417; x_wconf 93' lang='lat' dir='ltr'><strong>ut</strong></span> <span class='ocrx_word' id='word_1_253' title='bbox 730 3354 817 3417; x_wconf 88' lang='lat' dir='ltr'><strong>inter</strong></span> <span class='ocrx_word' id='word_1_254' title='bbox 841 3354 972 3417; x_wconf 89' lang='lat' dir='ltr'><strong>tertiam</strong></span> <span class='ocrx_word' id='word_1_255' title='bbox 995 3351 1023 3414; x_wconf 79' lang='lat' dir='ltr'><strong>dr</strong></span> <span class='ocrx_word' id='word_1_256' title='bbox 1046 3351 1206 3437; x_wconf 86' lang='lat' dir='ltr'><strong>quintam,</strong></span> <span class='ocrx_word' id='word_1_257' title='bbox 1231 3350 1258 3413; x_wconf 77' lang='lat' dir='ltr'><strong>do</strong></span> <span class='ocrx_word' id='word_1_258' title='bbox 1280 3352 1435 3437; x_wconf 85' lang='lat' dir='ltr'><strong>reliquae.</strong></span> 
     </span>
    </p>

    <p class='ocr_par' dir='ltr' id='par_1_5' title="bbox 262 3456 1476 4188">
     <span class='ocr_line' id='line_1_29' title="bbox 345 3456 1475 3545; baseline -0.005 -20"><span class='ocrx_word' id='word_1_259' title='bbox 345 3459 566 3526; x_wconf 88' lang='lat' dir='ltr'><strong>Semiditonus</strong></span> <span class='ocrx_word' id='word_1_260' title='bbox 582 3468 691 3525; x_wconf 90' lang='lat' dir='ltr'><strong>autem</strong></span> <span class='ocrx_word' id='word_1_261' title='bbox 712 3459 844 3544; x_wconf 87' lang='lat' dir='ltr'><strong>dieitur,</strong></span> <span class='ocrx_word' id='word_1_262' title='bbox 864 3461 942 3545; x_wconf 91' lang='lat' dir='ltr'><strong>quia</strong></span> <span class='ocrx_word' id='word_1_263' title='bbox 962 3461 1069 3523; x_wconf 92' lang='lat' dir='ltr'><strong>minor</strong></span> <span class='ocrx_word' id='word_1_264' title='bbox 1088 3467 1137 3522; x_wconf 89' lang='lat' dir='ltr'><strong>est</strong></span> <span class='ocrx_word' id='word_1_265' title='bbox 1157 3456 1280 3540; x_wconf 92' lang='lat' dir='ltr'><strong>ditono,</strong></span> <span class='ocrx_word' id='word_1_266' title='bbox 1301 3480 1378 3523; x_wconf 89' lang='lat' dir='ltr'><strong>oum</strong></span> <span class='ocrx_word' id='word_1_267' title='bbox 1396 3460 1475 3523; x_wconf 90' lang='lat' dir='ltr'><strong>inter</strong></span> 
     </span>
     <span class='ocr_line' id='line_1_30' title="bbox 301 3565 1474 3656; baseline -0.003 -25"><span class='ocrx_word' id='word_1_268' title='bbox 301 3567 382 3632; x_wconf 87' lang='lat' dir='ltr'><strong>duas</strong></span> <span class='ocrx_word' id='word_1_269' title='bbox 395 3570 522 3656; x_wconf 84' lang='lat' dir='ltr'><strong>aliquas</strong></span> <span class='ocrx_word' id='word_1_270' title='bbox 534 3590 630 3633; x_wconf 85' lang='lat' dir='ltr'><strong>voees</strong></span> <span class='ocrx_word' id='word_1_271' title='bbox 645 3575 694 3632; x_wconf 86' lang='lat' dir='ltr'><strong>est</strong></span> <span class='ocrx_word' id='word_1_272' title='bbox 706 3589 790 3631; x_wconf 91' lang='lat' dir='ltr'><strong>unus</strong></span> <span class='ocrx_word' id='word_1_273' title='bbox 802 3576 899 3631; x_wconf 88' lang='lat' dir='ltr'><strong>tonus</strong></span> <span class='ocrx_word' id='word_1_274' title='bbox 911 3566 939 3629; x_wconf 77' lang='lat' dir='ltr'><strong>do</strong></span> <span class='ocrx_word' id='word_1_275' title='bbox 953 3588 1055 3630; x_wconf 91' lang='lat' dir='ltr'><strong>unum</strong></span> <span class='ocrx_word' id='word_1_276' title='bbox 1068 3565 1290 3647; x_wconf 87' lang='lat' dir='ltr'><strong>semitonium,</strong></span> <span class='ocrx_word' id='word_1_277' title='bbox 1299 3567 1360 3631; x_wconf 87' lang='lat' dir='ltr'><strong>Dt.</strong></span> <span class='ocrx_word' id='word_1_278' title='bbox 1372 3566 1429 3629; x_wconf 81' lang='lat' dir='ltr'><strong>Es.</strong></span> <span class='ocrx_word' id='word_1_279' title='bbox 1438 3565 1474 3628; x_wconf 83' lang='lat' dir='ltr'><strong>F.</strong></span> 
     </span>
     <span class='ocr_line' id='line_1_31' title="bbox 262 3670 1473 3760; baseline -0.004 -20"><span class='ocrx_word' id='word_1_280' title='bbox 262 3692 264 3697; x_wconf 58' lang='lat'><strong>⁴</strong></span> <span class='ocrx_word' id='word_1_281' title='bbox 301 3675 514 3742; x_wconf 86' lang='lat' dir='ltr'><strong>Diatessaron</strong></span> <span class='ocrx_word' id='word_1_282' title='bbox 539 3684 651 3741; x_wconf 89' lang='lat' dir='ltr'><strong>autem</strong></span> <span class='ocrx_word' id='word_1_283' title='bbox 670 3675 792 3739; x_wconf 84' lang='lat' dir='ltr'><strong>dicitur</strong></span> <span class='ocrx_word' id='word_1_284' title='bbox 813 3674 851 3739; x_wconf 82' lang='lat' dir='ltr'><strong>do</strong></span> <span class='ocrx_word' id='word_1_285' title='bbox 875 3682 1024 3760; x_wconf 78' lang='lat' dir='ltr'><strong>quotuor,</strong></span> <span class='ocrx_word' id='word_1_286' title='bbox 1046 3694 1122 3737; x_wconf 89' lang='lat' dir='ltr'><strong>oum</strong></span> <span class='ocrx_word' id='word_1_287' title='bbox 1144 3672 1231 3735; x_wconf 91' lang='lat' dir='ltr'><strong>inter</strong></span> <span class='ocrx_word' id='word_1_288' title='bbox 1255 3670 1408 3758; x_wconf 90' lang='lat' dir='ltr'><strong>aliquam</strong></span> <span class='ocrx_word' id='word_1_289' title='bbox 1425 3693 1473 3736; x_wconf 90' lang='lat' dir='ltr'><strong>vo·</strong></span> 
     </span>
     <span class='ocr_line' id='line_1_32' title="bbox 301 3779 1473 3870; baseline -0.009 -21"><span class='ocrx_word' id='word_1_290' title='bbox 301 3806 372 3850; x_wconf 84' lang='lat' dir='ltr'><strong>cem</strong></span> <span class='ocrx_word' id='word_1_291' title='bbox 394 3785 422 3848; x_wconf 79' lang='lat' dir='ltr'><strong>dr</strong></span> <span class='ocrx_word' id='word_1_292' title='bbox 445 3792 598 3870; x_wconf 86' lang='lat' dir='ltr'><strong>quartam</strong></span> <span class='ocrx_word' id='word_1_293' title='bbox 621 3805 642 3847; x_wconf 91' lang='lat' dir='ltr'><strong>a</strong></span> <span class='ocrx_word' id='word_1_294' title='bbox 663 3804 699 3846; x_wconf 89' lang='lat' dir='ltr'><strong>se</strong></span> <span class='ocrx_word' id='word_1_295' title='bbox 718 3782 782 3846; x_wconf 95' lang='lat' dir='ltr'><strong>duo</strong></span> <span class='ocrx_word' id='word_1_296' title='bbox 806 3789 882 3845; x_wconf 88' lang='lat' dir='ltr'><strong>sunt</strong></span> <span class='ocrx_word' id='word_1_297' title='bbox 906 3781 987 3862; x_wconf 92' lang='lat' dir='ltr'><strong>toni,</strong></span> <span class='ocrx_word' id='word_1_298' title='bbox 1011 3779 1040 3843; x_wconf 79' lang='lat' dir='ltr'><strong>dr</strong></span> <span class='ocrx_word' id='word_1_299' title='bbox 1063 3800 1165 3843; x_wconf 92' lang='lat' dir='ltr'><strong>unum</strong></span> <span class='ocrx_word' id='word_1_300' title='bbox 1185 3779 1400 3843; x_wconf 89' lang='lat' dir='ltr'><strong>semitonium</strong></span> <span class='ocrx_word' id='word_1_301' title='bbox 1421 3780 1473 3844; x_wconf 89' lang='lat' dir='ltr'><strong>Dt.</strong></span> 
     </span>
     <span class='ocr_line' id='line_1_33' title="bbox 300 3886 1474 3977; baseline -0.006 -20"><span class='ocrx_word' id='word_1_302' title='bbox 300 3894 358 3962; x_wconf 82' lang='lat' dir='ltr'><strong>Es.</strong></span> <span class='ocrx_word' id='word_1_303' title='bbox 382 3894 436 3961; x_wconf 82' lang='lat' dir='ltr'><strong>Ft.</strong></span> <span class='ocrx_word' id='word_1_304' title='bbox 464 3891 506 3957; x_wconf 74' lang='lat' dir='ltr'><strong>d.</strong></span> <span class='ocrx_word' id='word_1_305' title='bbox 534 3892 701 3977; x_wconf 88' lang='lat' dir='ltr'><strong>Diapente</strong></span> <span class='ocrx_word' id='word_1_306' title='bbox 725 3889 848 3953; x_wconf 85' lang='lat' dir='ltr'><strong>dieitur</strong></span> <span class='ocrx_word' id='word_1_307' title='bbox 879 3887 917 3952; x_wconf 82' lang='lat' dir='ltr'><strong>de</strong></span> <span class='ocrx_word' id='word_1_308' title='bbox 941 3888 1092 3974; x_wconf 82' lang='lat' dir='ltr'><strong>quiaque,</strong></span> <span class='ocrx_word' id='word_1_309' title='bbox 1120 3907 1195 3951; x_wconf 83' lang='lat' dir='ltr'><strong>oum</strong></span> <span class='ocrx_word' id='word_1_310' title='bbox 1217 3886 1305 3950; x_wconf 90' lang='lat' dir='ltr'><strong>inter</strong></span> <span class='ocrx_word' id='word_1_311' title='bbox 1336 3886 1474 3972; x_wconf 90' lang='lat' dir='ltr'><strong>aliquam</strong></span> 
     </span>
     <span class='ocr_line' id='line_1_34' title="bbox 301 3993 1475 4084; baseline -0.009 -19"><span class='ocrx_word' id='word_1_312' title='bbox 301 4000 467 4065; x_wconf 81' lang='lat' dir='ltr'><strong>vocem&amp;</strong></span> <span class='ocrx_word' id='word_1_313' title='bbox 495 4000 646 4084; x_wconf 92' lang='lat' dir='ltr'><strong>quintam</strong></span> <span class='ocrx_word' id='word_1_314' title='bbox 676 4021 697 4062; x_wconf 88' lang='lat' dir='ltr'><strong>a</strong></span> <span class='ocrx_word' id='word_1_315' title='bbox 720 4019 754 4061; x_wconf 86' lang='lat' dir='ltr'><strong>se</strong></span> <span class='ocrx_word' id='word_1_316' title='bbox 777 4006 844 4061; x_wconf 89' lang='lat' dir='ltr'><strong>tres</strong></span> <span class='ocrx_word' id='word_1_317' title='bbox 868 4003 945 4060; x_wconf 88' lang='lat' dir='ltr'><strong>sunt</strong></span> <span class='ocrx_word' id='word_1_318' title='bbox 974 3994 1056 4076; x_wconf 87' lang='lat' dir='ltr'><strong>toni,</strong></span> <span class='ocrx_word' id='word_1_319' title='bbox 1079 3993 1108 4057; x_wconf 77' lang='lat' dir='ltr'><strong>dr</strong></span> <span class='ocrx_word' id='word_1_320' title='bbox 1131 4014 1234 4057; x_wconf 92' lang='lat' dir='ltr'><strong>unum</strong></span> <span class='ocrx_word' id='word_1_321' title='bbox 1257 3993 1475 4058; x_wconf 86' lang='lat' dir='ltr'><strong>semitonium.</strong></span> 
     </span>
     <span class='ocr_line' id='line_1_35' title="bbox 301 4098 1476 4188; baseline -0.009 -14"><span class='ocrx_word' id='word_1_322' title='bbox 301 4110 359 4174; x_wconf 88' lang='lat' dir='ltr'><strong>Dt.</strong></span> <span class='ocrx_word' id='word_1_323' title='bbox 372 4107 430 4171; x_wconf 82' lang='lat' dir='ltr'><strong>Ee.</strong></span> <span class='ocrx_word' id='word_1_324' title='bbox 443 4102 498 4171; x_wconf 83' lang='lat' dir='ltr'><strong>Ft.</strong></span> <span class='ocrx_word' id='word_1_325' title='bbox 513 4106 567 4172; x_wconf 73' lang='lat' dir='ltr'><strong>Gt.</strong></span> <span class='ocrx_word' id='word_1_326' title='bbox 581 4129 612 4174; x_wconf 86' lang='lat' dir='ltr'><strong>a.</strong></span> <span class='ocrx_word' id='word_1_327' title='bbox 624 4105 704 4170; x_wconf 90' lang='lat' dir='ltr'><strong>Non</strong></span> <span class='ocrx_word' id='word_1_328' title='bbox 719 4103 827 4187; x_wconf 89' lang='lat' dir='ltr'><strong>aliter,</strong></span> <span class='ocrx_word' id='word_1_329' title='bbox 848 4124 946 4188; x_wconf 87' lang='lat' dir='ltr'><strong>quam</strong></span> <span class='ocrx_word' id='word_1_330' title='bbox 962 4098 1014 4164; x_wconf 90' lang='lat' dir='ltr'><strong>his</strong></span> <span class='ocrx_word' id='word_1_331' title='bbox 1030 4122 1091 4165; x_wconf 85' lang='lat' dir='ltr'><strong>sex</strong></span> <span class='ocrx_word' id='word_1_332' title='bbox 1105 4098 1221 4181; x_wconf 93' lang='lat' dir='ltr'><strong>modis,</strong></span> <span class='ocrx_word' id='word_1_333' title='bbox 1240 4119 1340 4164; x_wconf 82' lang='lat' dir='ltr'><strong>voces</strong></span> <span class='ocrx_word' id='word_1_334' title='bbox 1360 4102 1476 4165; x_wconf 80' lang='lat' dir='ltr'><strong>iunotae</strong></span> 
     </span>
    </p>
   </div>
   <div class='ocr_carea' id='block_1_5' title="bbox 302 4306 1475 4514">
    <p class='ocr_par' dir='ltr' id='par_1_6' title="bbox 302 4306 1475 4514">
     <span class='ocr_line' id='line_1_36' title="bbox 348 4306 1475 4427; baseline -0.006 -18"><span class='ocrx_word' id='word_1_335' title='bbox 348 4356 389 4427; x_wconf 93' lang='lat' dir='ltr'><strong>(l)</strong></span> <span class='ocrx_word' id='word_1_336' title='bbox 409 4354 514 4421; x_wconf 79' lang='lat' dir='ltr'><strong>Questo</strong></span> <span class='ocrx_word' id='word_1_337' title='bbox 531 4342 700 4407; x_wconf 79' lang='lat' dir='ltr'><strong>Monooordo</strong></span> <span class='ocrx_word' id='word_1_338' title='bbox 718 4328 801 4406; x_wconf 76' lang='lat' dir='ltr'><strong>visne</strong></span> <span class='ocrx_word' id='word_1_339' title='bbox 819 4348 964 4406; x_wconf 82' lang='lat' dir='ltr'><strong>delineato</strong></span> <span class='ocrx_word' id='word_1_340' title='bbox 983 4365 1001 4404; x_wconf 88' lang='lat' dir='ltr'><strong>a</strong></span> <span class='ocrx_word' id='word_1_341' title='bbox 1019 4365 1086 4424; x_wconf 82' lang='lat' dir='ltr'><strong>pag.</strong></span> <span class='ocrx_word' id='word_1_342' title='bbox 1097 4306 1167 4418; x_wconf 19' lang='lat'><strong>7253,</strong></span> <span class='ocrx_word' id='word_1_343' title='bbox 1186 4351 1207 4402; x_wconf 88' lang='lat' dir='ltr'><strong>t.</strong></span> <span class='ocrx_word' id='word_1_344' title='bbox 1226 4345 1250 4417; x_wconf 91' lang='lat'><strong>1,</strong></span> <span class='ocrx_word' id='word_1_345' title='bbox 1270 4346 1318 4403; x_wconf 86' lang='lat' dir='ltr'><strong>del</strong></span> <span class='ocrx_word' id='word_1_346' title='bbox 1332 4347 1475 4414; x_wconf 77' lang='lat' dir='ltr'><strong>Ger-berto,</strong></span> 
     </span>
     <span class='ocr_line' id='line_1_37' title="bbox 302 4437 913 4514; baseline -0.008 -15"><span class='ocrx_word' id='word_1_347' title='bbox 302 4445 350 4500; x_wconf 90' lang='lat' dir='ltr'><strong>nei</strong></span> <span class='ocrx_word' id='word_1_348' title='bbox 368 4443 479 4514; x_wconf 77' lang='lat' dir='ltr'><strong>diaioqo</strong></span> <span class='ocrx_word' id='word_1_349' title='bbox 497 4459 513 4497; x_wconf 94' lang='lat' dir='ltr'><strong>o</strong></span> <span class='ocrx_word' id='word_1_350' title='bbox 532 4441 720 4496; x_wconf 74' lang='lat' dir='ltr'><strong>Euchiridion</strong></span> <span class='ocrx_word' id='word_1_351' title='bbox 738 4437 769 4493; x_wconf 90' lang='lat' dir='ltr'><strong>di</strong></span> <span class='ocrx_word' id='word_1_352' title='bbox 785 4439 913 4496; x_wconf 87' lang='lat' dir='ltr'><strong>Oddone.</strong></span> 
     </span>
    </p>
   </div>
   <div class='ocr_carea' id='block_1_6' title="bbox 0 0 1564 5144">
    <p class='ocr_par' dir='ltr' id='par_1_7' title="bbox 0 0 1564 5144">
     <span class='ocr_line' id='line_1_38' title="bbox 0 0 1564 5144; baseline 0 0"><span class='ocrx_word' id='word_1_353' title='bbox 0 0 1564 5144; x_wconf 95' lang='lat' dir='ltr'><strong> </strong></span> 
     </span>
    </p>
   </div>
  </div>
 </body>
</html>
