<?xml version="1.0" encoding="UTF-8"?>
<!DOCTYPE html PUBLIC "-//W3C//DTD XHTML 1.0 Transitional//EN"
    "http://www.w3.org/TR/xhtml1/DTD/xhtml1-transitional.dtd">
<html xmlns="http://www.w3.org/1999/xhtml" xml:lang="en" lang="en">
 <head>
  <title>
</title>
<meta http-equiv="Content-Type" content="text/html;charset=utf-8" />
  <meta name='ocr-system' content='tesseract 3.04.00' />
  <meta name='ocr-capabilities' content='ocr_page ocr_carea ocr_par ocr_line ocrx_word'/>
</head>
<body>
  <div class='ocr_page' id='page_1' title='image "./guidoaretinomon00brangoog/guidoaretinomon00brangoog_0364.png"; bbox 0 0 3030 5138; ppageno 0'>
   <div class='ocr_carea' id='block_1_1' title="bbox 246 397 979 455">
    <p class='ocr_par' dir='ltr' id='par_1_1' title="bbox 246 397 979 455">
     <span class='ocr_line' id='line_1_1' title="bbox 246 397 979 455; baseline -0.004 -1"><span class='ocrx_word' id='word_1_1' title='bbox 246 400 299 454; x_wconf 79' lang='lat'><strong>370</strong></span> <span class='ocrx_word' id='word_1_2' title='bbox 671 397 798 455; x_wconf 76' lang='lat' dir='ltr'><strong>‚GUIDO</strong></span> <span class='ocrx_word' id='word_1_3' title='bbox 819 397 979 452; x_wconf 78' lang='lat' dir='ltr'><strong>ARETINO</strong></span> 
     </span>
    </p>
   </div>
   <div class='ocr_carea' id='block_1_2' title="bbox 226 539 1468 2121">
    <p class='ocr_par' dir='ltr' id='par_1_2' title="bbox 226 539 1468 2121">
     <span class='ocr_line' id='line_1_2' title="bbox 245 539 1423 625; baseline -0.003 -18"><span class='ocrx_word' id='word_1_4' title='bbox 245 545 295 607; x_wconf 86' lang='lat' dir='ltr'><strong>vis</strong></span> <span class='ocrx_word' id='word_1_5' title='bbox 314 550 363 607; x_wconf 83' lang='lat' dir='ltr'><strong>est</strong></span> <span class='ocrx_word' id='word_1_6' title='bbox 381 542 528 608; x_wconf 88' lang='lat' dir='ltr'><strong>eamdem</strong></span> <span class='ocrx_word' id='word_1_7' title='bbox 547 542 692 607; x_wconf 79' lang='lat' dir='ltr'><strong>litteram</strong></span> <span class='ocrx_word' id='word_1_8' title='bbox 708 543 743 606; x_wconf 91' lang='lat' dir='ltr'><strong>in</strong></span> <span class='ocrx_word' id='word_1_9' title='bbox 758 548 897 625; x_wconf 89' lang='lat' dir='ltr'><strong>utroque</strong></span> <span class='ocrx_word' id='word_1_10' title='bbox 917 539 1041 605; x_wconf 88' lang='lat' dir='ltr'><strong>habere</strong></span> <span class='ocrx_word' id='word_1_11' title='bbox 1059 540 1177 624; x_wconf 91' lang='lat' dir='ltr'><strong>latere,</strong></span> <span class='ocrx_word' id='word_1_12' title='bbox 1199 547 1237 604; x_wconf 87' lang='lat' dir='ltr'><strong>ut</strong></span> <span class='ocrx_word' id='word_1_13' title='bbox 1255 561 1276 603; x_wconf 90' lang='lat' dir='ltr'><strong>a</strong></span> <span class='ocrx_word' id='word_1_14' title='bbox 1292 540 1324 603; x_wconf 93' lang='lat' dir='ltr'><em>B</em></span> <span class='ocrx_word' id='word_1_15' title='bbox 1344 542 1379 604; x_wconf 93' lang='lat' dir='ltr'><strong>in</strong></span> <span class='ocrx_word' id='word_1_16' title='bbox 1400 539 1423 623; x_wconf 72' lang='lat' dir='ltr'><strong>i,</strong></span> 
     </span>
     <span class='ocr_line' id='line_1_3' title="bbox 226 646 1421 735; baseline -0.004 -20"><span class='ocrx_word' id='word_1_17' title='bbox 226 674 266 714; x_wconf 85' lang='lat' dir='ltr'><strong>-a</strong></span> <span class='ocrx_word' id='word_1_18' title='bbox 287 648 316 714; x_wconf 76' lang='lat' dir='ltr'><em>O</em></span> <span class='ocrx_word' id='word_1_19' title='bbox 336 652 371 714; x_wconf 91' lang='lat' dir='ltr'><strong>in</strong></span> <span class='ocrx_word' id='word_1_20' title='bbox 395 673 420 730; x_wconf 87' lang='lat' dir='ltr'><strong>c,</strong></span> <span class='ocrx_word' id='word_1_21' title='bbox 445 672 465 713; x_wconf 89' lang='lat' dir='ltr'><strong>a</strong></span> <span class='ocrx_word' id='word_1_22' title='bbox 484 650 518 712; x_wconf 91' lang='lat' dir='ltr'><em>D</em></span> <span class='ocrx_word' id='word_1_23' title='bbox 540 651 574 712; x_wconf 93' lang='lat' dir='ltr'><strong>in</strong></span> <span class='ocrx_word' id='word_1_24' title='bbox 598 650 629 730; x_wconf 85' lang='lat' dir='ltr'><strong>d,</strong></span> <span class='ocrx_word' id='word_1_25' title='bbox 654 649 682 712; x_wconf 73' lang='grc'><strong>81</strong></span> <span class='ocrx_word' id='word_1_26' title='bbox 704 648 798 735; x_wconf 80' lang='lat' dir='ltr'>reliq.</span> <span class='ocrx_word' id='word_1_27' title='bbox 822 648 915 713; x_wconf 85' lang='lat' dir='ltr'><strong>Sicut</strong></span> <span class='ocrx_word' id='word_1_28' title='bbox 938 649 1024 712; x_wconf 89' lang='lat' dir='ltr'><strong>enim</strong></span> <span class='ocrx_word' id='word_1_29' title='bbox 1048 655 1187 733; x_wconf 89' lang='lat' dir='ltr'><strong>utraque</strong></span> <span class='ocrx_word' id='word_1_30' title='bbox 1211 669 1279 712; x_wconf 83' lang='lat' dir='ltr'><strong>vox</strong></span> <span class='ocrx_word' id='word_1_31' title='bbox 1302 646 1421 712; x_wconf 87' lang='lat' dir='ltr'><strong>eadem</strong></span> 
     </span>
     <span class='ocr_line' id='line_1_4' title="bbox 245 752 1420 840; baseline -0.003 -19"><span class='ocrx_word' id='word_1_32' title='bbox 245 758 356 821; x_wconf 89' lang='lat' dir='ltr'><strong>littera</strong></span> <span class='ocrx_word' id='word_1_33' title='bbox 369 757 576 837; x_wconf 85' lang='lat' dir='ltr'><strong>notatur,ita</strong></span> <span class='ocrx_word' id='word_1_34' title='bbox 592 778 651 840; x_wconf 89' lang='lat' dir='ltr'><strong>per</strong></span> <span class='ocrx_word' id='word_1_35' title='bbox 666 757 775 819; x_wconf 88' lang='lat' dir='ltr'><strong>omnia</strong></span> <span class='ocrx_word' id='word_1_36' title='bbox 794 752 940 818; x_wconf 89' lang='lat' dir='ltr'><strong>eiusdem</strong></span> <span class='ocrx_word' id='word_1_37' title='bbox 959 754 1138 840; x_wconf 83' lang='lat' dir='ltr'><strong>qualitatis,</strong></span> <span class='ocrx_word' id='word_1_38' title='bbox 1159 753 1420 839; x_wconf 82' lang='lat' dir='ltr'><strong>perfectissimae·</strong></span> 
     </span>
     <span class='ocr_line' id='line_1_5' title="bbox 245 859 1420 951; baseline -0.003 -23"><span class='ocrx_word' id='word_1_39' title='bbox 245 888 308 951; x_wconf 91' lang='lat' dir='ltr'><strong>quc</strong></span> <span class='ocrx_word' id='word_1_40' title='bbox 324 862 549 928; x_wconf 82' lang='lat' dir='ltr'><strong>similitudinis</strong></span> <span class='ocrx_word' id='word_1_41' title='bbox 566 872 704 948; x_wconf 86' lang='lat' dir='ltr'><strong>utraque</strong></span> <span class='ocrx_word' id='word_1_42' title='bbox 727 862 869 927; x_wconf 90' lang='lat' dir='ltr'><strong>habetur</strong></span> <span class='ocrx_word' id='word_1_43' title='bbox 884 862 912 926; x_wconf 74' lang='lat' dir='ltr'><strong>a</strong></span> <span class='ocrx_word' id='word_1_44' title='bbox 927 862 1084 926; x_wconf 87' lang='lat' dir='ltr'><strong>creditur.</strong></span> <span class='ocrx_word' id='word_1_45' title='bbox 1099 863 1185 926; x_wconf 90' lang='lat' dir='ltr'><strong>Nam</strong></span> <span class='ocrx_word' id='word_1_46' title='bbox 1204 863 1292 926; x_wconf 90' lang='lat' dir='ltr'><strong>sicut</strong></span> <span class='ocrx_word' id='word_1_47' title='bbox 1314 859 1420 925; x_wconf 83' lang='lat' dir='ltr'><strong>finitis</strong></span> 
     </span>
     <span class='ocr_line' id='line_1_6' title="bbox 244 965 1430 1058; baseline -0.003 -23"><span class='ocrx_word' id='word_1_48' title='bbox 244 980 369 1058; x_wconf 88' lang='lat' dir='ltr'><strong>septem</strong></span> <span class='ocrx_word' id='word_1_49' title='bbox 393 969 508 1034; x_wconf 89' lang='lat' dir='ltr'><strong>dicbus</strong></span> <span class='ocrx_word' id='word_1_50' title='bbox 532 970 663 1034; x_wconf 89' lang='lat' dir='ltr'><strong>eosdem</strong></span> <span class='ocrx_word' id='word_1_51' title='bbox 686 970 876 1054; x_wconf 89' lang='lat' dir='ltr'><strong>repetimus,</strong></span> <span class='ocrx_word' id='word_1_52' title='bbox 902 976 939 1032; x_wconf 89' lang='lat' dir='ltr'><strong>ut</strong></span> <span class='ocrx_word' id='word_1_53' title='bbox 962 990 1090 1054; x_wconf 83' lang='lat' dir='ltr'>semper</span> <span class='ocrx_word' id='word_1_54' title='bbox 1112 965 1257 1053; x_wconf 88' lang='lat' dir='ltr'><strong>primum</strong></span> <span class='ocrx_word' id='word_1_55' title='bbox 1282 968 1311 1031; x_wconf 84' lang='lat'>&amp;</span> <span class='ocrx_word' id='word_1_56' title='bbox 1334 976 1430 1032; x_wconf 89' lang='lat' dir='ltr'><strong>octa-</strong></span> 
     </span>
     <span class='ocr_line' id='line_1_7' title="bbox 244 1074 1432 1170; baseline -0.002 -30"><span class='ocrx_word' id='word_1_57' title='bbox 244 1100 323 1165; x_wconf 82' lang='lat' dir='ltr'><strong>vum</strong></span> <span class='ocrx_word' id='word_1_58' title='bbox 339 1077 489 1170; x_wconf 84' lang='lat' dir='ltr'><strong>eumdem</strong></span> <span class='ocrx_word' id='word_1_59' title='bbox 510 1074 597 1139; x_wconf 94' lang='lat' dir='ltr'><strong>diem</strong></span> <span class='ocrx_word' id='word_1_60' title='bbox 617 1074 773 1158; x_wconf 88' lang='lat' dir='ltr'><strong>dicamus,</strong></span> <span class='ocrx_word' id='word_1_61' title='bbox 786 1076 836 1138; x_wconf 68' lang='lat' dir='ltr'><strong>&#39;ita</strong></span> <span class='ocrx_word' id='word_1_62' title='bbox 852 1076 976 1159; x_wconf 90' lang='lat' dir='ltr'><strong>primas</strong></span> <span class='ocrx_word' id='word_1_63' title='bbox 992 1075 1163 1140; x_wconf 82' lang='lat' dir='ltr'><strong>&amp;octavas</strong></span> <span class='ocrx_word' id='word_1_64' title='bbox 1179 1096 1310 1161; x_wconf 83' lang='lat' dir='ltr'><strong>semper</strong></span> <span class='ocrx_word' id='word_1_65' title='bbox 1326 1097 1432 1139; x_wconf 83' lang='lat' dir='ltr'><strong>voces</strong></span> 
     </span>
     <span class='ocr_line' id='line_1_8' title="bbox 245 1182 1437 1268; baseline -0.002 -20"><span class='ocrx_word' id='word_1_66' title='bbox 245 1185 359 1249; x_wconf 92' lang='lat' dir='ltr'><strong>eodem</strong></span> <span class='ocrx_word' id='word_1_67' title='bbox 378 1183 567 1248; x_wconf 84' lang='lat' dir='ltr'><strong>charactere</strong></span> <span class='ocrx_word' id='word_1_68' title='bbox 590 1182 769 1268; x_wconf 82' lang='lat' dir='ltr'><strong>figuramus</strong></span> <span class='ocrx_word' id='word_1_69' title='bbox 786 1184 813 1246; x_wconf 77' lang='lat' dir='ltr'><strong>dr</strong></span> <span class='ocrx_word' id='word_1_70' title='bbox 837 1183 985 1265; x_wconf 84' lang='lat' dir='ltr'><strong>dicimus,</strong></span> <span class='ocrx_word' id='word_1_71' title='bbox 1003 1185 1080 1268; x_wconf 90' lang='lat' dir='ltr'><strong>quia</strong></span> <span class='ocrx_word' id='word_1_72' title='bbox 1096 1205 1151 1247; x_wconf 90' lang='lat' dir='ltr'><strong>eas</strong></span> <span class='ocrx_word' id='word_1_73' title='bbox 1164 1183 1329 1247; x_wconf 85' lang='lat' dir='ltr'><strong>naturalis</strong></span> <span class='ocrx_word' id='word_1_74' title='bbox 1350 1205 1437 1248; x_wconf 90' lang='lat' dir='ltr'><strong>con·</strong></span> 
     </span>
     <span class='ocr_line' id='line_1_9' title="bbox 245 1289 1440 1374; baseline -0.002 -19"><span class='ocrx_word' id='word_1_75' title='bbox 245 1290 357 1355; x_wconf 90' lang='lat' dir='ltr'><strong>cordia</strong></span> <span class='ocrx_word' id='word_1_76' title='bbox 380 1311 558 1354; x_wconf 85' lang='lat' dir='ltr'><strong>consonare</strong></span> <span class='ocrx_word' id='word_1_77' title='bbox 571 1291 739 1370; x_wconf 89' lang='lat' dir='ltr'><strong>sentimus,</strong></span> <span class='ocrx_word' id='word_1_78' title='bbox 760 1298 796 1353; x_wconf 95' lang='lat' dir='ltr'><strong>ut</strong></span> <span class='ocrx_word' id='word_1_79' title='bbox 815 1290 848 1352; x_wconf 91' lang='lat' dir='ltr'><em>D</em></span> <span class='ocrx_word' id='word_1_80' title='bbox 865 1289 892 1352; x_wconf 72' lang='lat' dir='ltr'><strong>dr</strong></span> <span class='ocrx_word' id='word_1_81' title='bbox 911 1291 942 1353; x_wconf 84' lang='lat' dir='ltr'><strong>d.</strong></span> <span class='ocrx_word' id='word_1_82' title='bbox 957 1289 1106 1374; x_wconf 87' lang='lat' dir='ltr'><strong>Utraque</strong></span> <span class='ocrx_word' id='word_1_83' title='bbox 1120 1291 1208 1353; x_wconf 89' lang='lat' dir='ltr'><strong>enim</strong></span> <span class='ocrx_word' id='word_1_84' title='bbox 1227 1298 1305 1353; x_wconf 89' lang='lat' dir='ltr'><strong>tono</strong></span> <span class='ocrx_word' id='word_1_85' title='bbox 1327 1290 1357 1353; x_wconf 84' lang='lat'>&amp;</span> <span class='ocrx_word' id='word_1_86' title='bbox 1376 1311 1440 1353; x_wconf 88' lang='lat' dir='ltr'><strong>se-</strong></span> 
     </span>
     <span class='ocr_line' id='line_1_10' title="bbox 245 1395 1450 1479; baseline 0 -18"><span class='ocrx_word' id='word_1_87' title='bbox 245 1398 390 1479; x_wconf 91' lang='lat' dir='ltr'><strong>mitonio,</strong></span> <span class='ocrx_word' id='word_1_88' title='bbox 407 1395 576 1460; x_wconf 77' lang='lat' dir='ltr'><strong>&amp;duobus</strong></span> <span class='ocrx_word' id='word_1_89' title='bbox 595 1398 680 1461; x_wconf 89' lang='lat' dir='ltr'><strong>tonis</strong></span> <span class='ocrx_word' id='word_1_90' title='bbox 703 1398 892 1479; x_wconf 74' lang='lat' dir='ltr'><strong>remittitur,</strong></span> <span class='ocrx_word' id='word_1_91' title='bbox 916 1398 944 1461; x_wconf 74' lang='lat' dir='ltr'><strong>&lt;ir</strong></span> <span class='ocrx_word' id='word_1_92' title='bbox 967 1399 1045 1461; x_wconf 91' lang='lat' dir='ltr'><strong>item</strong></span> <span class='ocrx_word' id='word_1_93' title='bbox 1070 1405 1145 1461; x_wconf 92' lang='lat' dir='ltr'><strong>tono</strong></span> <span class='ocrx_word' id='word_1_94' title='bbox 1162 1397 1382 1462; x_wconf 83' lang='lat' dir='ltr'><strong>&amp;semitonio</strong></span> <span class='ocrx_word' id='word_1_95' title='bbox 1402 1398 1450 1461; x_wconf 59' lang='lat' dir='ltr'><strong>sc</strong></span> 
     </span>
     <span class='ocr_line' id='line_1_11' title="bbox 247 1502 1457 1587; baseline 0.002 -20"><span class='ocrx_word' id='word_1_96' title='bbox 247 1502 362 1568; x_wconf 86' lang='lat' dir='ltr'><strong>duobis</strong></span> <span class='ocrx_word' id='word_1_97' title='bbox 385 1505 467 1566; x_wconf 87' lang='lat' dir='ltr'><strong>tonis</strong></span> <span class='ocrx_word' id='word_1_98' title='bbox 489 1503 681 1568; x_wconf 88' lang='lat' dir='ltr'><strong>intenditur.</strong></span> <span class='ocrx_word' id='word_1_99' title='bbox 706 1504 804 1568; x_wconf 89' lang='lat' dir='ltr'><strong>Unde</strong></span> <span class='ocrx_word' id='word_1_100' title='bbox 823 1504 850 1570; x_wconf 75' lang='lat' dir='ltr'><strong>a</strong></span> <span class='ocrx_word' id='word_1_101' title='bbox 869 1505 903 1568; x_wconf 89' lang='lat' dir='ltr'><strong>in</strong></span> <span class='ocrx_word' id='word_1_102' title='bbox 923 1504 1070 1569; x_wconf 87' lang='lat' dir='ltr'><strong>canendo</strong></span> <span class='ocrx_word' id='word_1_103' title='bbox 1094 1503 1158 1567; x_wconf 91' lang='lat' dir='ltr'><strong>duo</strong></span> <span class='ocrx_word' id='word_1_104' title='bbox 1182 1512 1240 1567; x_wconf 89' lang='lat' dir='ltr'><strong>aut</strong></span> <span class='ocrx_word' id='word_1_105' title='bbox 1264 1512 1345 1587; x_wconf 92' lang='lat' dir='ltr'><strong>tres,</strong></span> <span class='ocrx_word' id='word_1_106' title='bbox 1372 1513 1457 1569; x_wconf 75' lang='lat' dir='ltr'><strong>aui:</strong></span> 
     </span>
     <span class='ocr_line' id='line_1_12' title="bbox 246 1608 1458 1696; baseline 0.002 -24"><span class='ocrx_word' id='word_1_107' title='bbox 246 1608 357 1695; x_wconf 88' lang='lat' dir='ltr'><strong>plures</strong></span> <span class='ocrx_word' id='word_1_108' title='bbox 371 1619 530 1690; x_wconf 86' lang='lat' dir='ltr'><strong>cantores,</strong></span> <span class='ocrx_word' id='word_1_109' title='bbox 545 1619 641 1695; x_wconf 91' lang='lat' dir='ltr'><strong>prout</strong></span> <span class='ocrx_word' id='word_1_110' title='bbox 660 1610 811 1696; x_wconf 88' lang='lat' dir='ltr'><strong>possibile</strong></span> <span class='ocrx_word' id='word_1_111' title='bbox 836 1610 944 1694; x_wconf 89' lang='lat' dir='ltr'><strong>fuerit,</strong></span> <span class='ocrx_word' id='word_1_112' title='bbox 960 1615 988 1675; x_wconf 88' lang='lat' dir='ltr'><strong>si</strong></span> <span class='ocrx_word' id='word_1_113' title='bbox 1005 1633 1064 1695; x_wconf 88' lang='lat' dir='ltr'><strong>per</strong></span> <span class='ocrx_word' id='word_1_114' title='bbox 1088 1610 1173 1674; x_wconf 89' lang='lat' dir='ltr'><strong>hanc</strong></span> <span class='ocrx_word' id='word_1_115' title='bbox 1198 1612 1344 1695; x_wconf 88' lang='lat' dir='ltr'><strong>speciem</strong></span> <span class='ocrx_word' id='word_1_116' title='bbox 1369 1610 1458 1675; x_wconf 87' lang='lat' dir='ltr'><strong>dif-</strong></span> 
     </span>
     <span class='ocr_line' id='line_1_13' title="bbox 246 1716 1468 1805; baseline 0.002 -26"><span class='ocrx_word' id='word_1_117' title='bbox 246 1716 426 1803; x_wconf 75' lang='lat' dir='ltr'><strong>ferentibus</strong></span> <span class='ocrx_word' id='word_1_118' title='bbox 458 1716 592 1781; x_wconf 90' lang='lat' dir='ltr'><strong>vocibus</strong></span> <span class='ocrx_word' id='word_1_119' title='bbox 616 1717 765 1781; x_wconf 89' lang='lat' dir='ltr'><strong>eamdem</strong></span> <span class='ocrx_word' id='word_1_120' title='bbox 797 1716 978 1802; x_wconf 86' lang='lat' dir='ltr'><strong>quamlibet</strong></span> <span class='ocrx_word' id='word_1_121' title='bbox 1007 1717 1237 1803; x_wconf 85' lang='lat' dir='ltr'><strong>symphoniam</strong></span> <span class='ocrx_word' id='word_1_122' title='bbox 1266 1719 1468 1805; x_wconf 67' lang='lat' dir='ltr'><strong>incipient</strong></span> 
     </span>
     <span class='ocr_line' id='line_1_14' title="bbox 247 1822 1466 1908; baseline 0.001 -21"><span class='ocrx_word' id='word_1_123' title='bbox 247 1824 275 1887; x_wconf 73' lang='lat' dir='ltr'><strong>a</strong></span> <span class='ocrx_word' id='word_1_124' title='bbox 298 1822 483 1904; x_wconf 88' lang='lat' dir='ltr'><strong>decantent,</strong></span> <span class='ocrx_word' id='word_1_125' title='bbox 497 1822 680 1906; x_wconf 86' lang='lat' dir='ltr'><strong>miraberis,</strong></span> <span class='ocrx_word' id='word_1_126' title='bbox 703 1834 735 1887; x_wconf 88' lang='lat' dir='ltr'><strong>te</strong></span> <span class='ocrx_word' id='word_1_127' title='bbox 759 1825 890 1888; x_wconf 88' lang='lat' dir='ltr'><strong>easdem</strong></span> <span class='ocrx_word' id='word_1_128' title='bbox 910 1848 1005 1890; x_wconf 85' lang='lat' dir='ltr'><strong>voces</strong></span> <span class='ocrx_word' id='word_1_129' title='bbox 1022 1825 1161 1890; x_wconf 86' lang='lat' dir='ltr'><strong>diversis</strong></span> <span class='ocrx_word' id='word_1_130' title='bbox 1180 1825 1271 1908; x_wconf 91' lang='lat' dir='ltr'><strong>locis,</strong></span> <span class='ocrx_word' id='word_1_131' title='bbox 1293 1826 1354 1890; x_wconf 88' lang='lat' dir='ltr'><strong>sed</strong></span> <span class='ocrx_word' id='word_1_132' title='bbox 1369 1827 1466 1890; x_wconf 87' lang='lat' dir='ltr'><strong>mi-</strong></span> 
     </span>
     <span class='ocr_line' id='line_1_15' title="bbox 246 1928 1467 2018; baseline 0.002 -24"><span class='ocrx_word' id='word_1_133' title='bbox 246 1931 335 1994; x_wconf 92' lang='lat' dir='ltr'><strong>nimc</strong></span> <span class='ocrx_word' id='word_1_134' title='bbox 358 1929 503 1993; x_wconf 86' lang='lat' dir='ltr'><strong>diversas</strong></span> <span class='ocrx_word' id='word_1_135' title='bbox 527 1928 658 2012; x_wconf 90' lang='lat' dir='ltr'><strong>habere,</strong></span> <span class='ocrx_word' id='word_1_136' title='bbox 683 1931 887 2018; x_wconf 86' lang='lat' dir='ltr'><strong>eundemque</strong></span> <span class='ocrx_word' id='word_1_137' title='bbox 910 1940 1044 1997; x_wconf 91' lang='lat' dir='ltr'><strong>cantum</strong></span> <span class='ocrx_word' id='word_1_138' title='bbox 1066 1952 1202 2016; x_wconf 82' lang='lat' dir='ltr'><strong>gravem</strong></span> <span class='ocrx_word' id='word_1_139' title='bbox 1231 1933 1261 1996; x_wconf 85' lang='lat'>&amp;</span> <span class='ocrx_word' id='word_1_140' title='bbox 1292 1941 1467 2013; x_wconf 68' lang='lat' dir='ltr'><strong>acutunl.</strong></span> 
     </span>
     <span class='ocr_line' id='line_1_16' title="bbox 247 2037 1217 2121; baseline 0.004 -22"><span class='ocrx_word' id='word_1_141' title='bbox 247 2037 528 2121; x_wconf 84' lang='lat' dir='ltr'><strong>&amp;superacutum</strong></span> <span class='ocrx_word' id='word_1_142' title='bbox 552 2044 663 2101; x_wconf 90' lang='lat' dir='ltr'><strong>tamen</strong></span> <span class='ocrx_word' id='word_1_143' title='bbox 686 2039 825 2103; x_wconf 84' lang='lat' dir='ltr'><strong>univoce</strong></span> <span class='ocrx_word' id='word_1_144' title='bbox 849 2061 1001 2105; x_wconf 86' lang='lat' dir='ltr'><strong>resonare</strong></span> <span class='ocrx_word' id='word_1_145' title='bbox 1024 2038 1085 2103; x_wconf 90' lang='lat' dir='ltr'><strong>hoc</strong></span> <span class='ocrx_word' id='word_1_146' title='bbox 1110 2038 1217 2103; x_wconf 88' lang='lat' dir='ltr'><strong>modo.</strong></span> 
     </span>
    </p>
   </div>
   <div class='ocr_carea' id='block_1_3' title="bbox 303 2275 657 2375">
    <p class='ocr_par' dir='ltr' id='par_1_3' title="bbox 303 2275 657 2375">
     <span class='ocr_line' id='line_1_17' title="bbox 303 2275 657 2375; baseline -0.006 -14"><span class='ocrx_word' id='word_1_147' title='bbox 303 2319 472 2375; x_wconf 83' lang='lat' dir='ltr'><strong>Superacutae.</strong></span> <span class='ocrx_word' id='word_1_148' title='bbox 577 2295 591 2325; x_wconf 63' lang='lat' dir='ltr'>a</span> <span class='ocrx_word' id='word_1_149' title='bbox 608 2275 610 2309; x_wconf 67' lang='grc' dir='ltr'>Ι</span> <span class='ocrx_word' id='word_1_150' title='bbox 642 2295 657 2325; x_wconf 63' lang='lat' dir='ltr'><strong>a</strong></span> 
     </span>
    </p>
   </div>
   <div class='ocr_carea' id='block_1_4' title="bbox 644 2472 751 2514">
    <p class='ocr_par' dir='ltr' id='par_1_4' title="bbox 644 2472 751 2514">
     <span class='ocr_line' id='line_1_18' title="bbox 644 2472 751 2514; baseline -0.009 0"><span class='ocrx_word' id='word_1_151' title='bbox 644 2483 666 2514; x_wconf 87' lang='lat' dir='ltr'><strong>a.</strong></span> <span class='ocrx_word' id='word_1_152' title='bbox 700 2472 751 2514; x_wconf 83' lang='lat' dir='ltr'><strong>Ga.</strong></span> 
     </span>
    </p>
   </div>
   <div class='ocr_carea' id='block_1_5' title="bbox 543 2774 815 2828">
    <p class='ocr_par' dir='ltr' id='par_1_5' title="bbox 543 2774 815 2828">
     <span class='ocr_line' id='line_1_19' title="bbox 543 2774 815 2828; baseline 0.004 -12"><span class='ocrx_word' id='word_1_153' title='bbox 543 2775 610 2817; x_wconf 86' lang='lat' dir='ltr'><strong>Sum</strong></span> <span class='ocrx_word' id='word_1_154' title='bbox 632 2774 687 2816; x_wconf 73' lang='lat' dir='ltr'><strong>mii</strong></span> <span class='ocrx_word' id='word_1_155' title='bbox 712 2787 737 2817; x_wconf 87' lang='lat' dir='ltr'><strong>re</strong></span> <span class='ocrx_word' id='word_1_156' title='bbox 780 2775 815 2828; x_wconf 80' lang='lat' dir='ltr'><strong>gis</strong></span> 
     </span>
    </p>
   </div>
   <div class='ocr_carea' id='block_1_6' title="bbox 435 2580 819 2712">
    <p class='ocr_par' dir='ltr' id='par_1_6' title="bbox 435 2580 819 2780">
     <span class='ocr_line' id='line_1_20' title="bbox 435 2580 819 2712; baseline 0.056 53.889"><span class='ocrx_word' id='word_1_157' title='bbox 435 2580 819 2712; x_wconf 62' lang='lat' dir='ltr'><strong>m</strong></span> 
     </span>
    </p>
   </div>
   <div class='ocr_carea' id='block_1_7' title="bbox 251 2872 297 2879">
    <p class='ocr_par' dir='ltr' id='par_1_7' title="bbox 251 2872 297 2879">
     <span class='ocr_line' id='line_1_21' title="bbox 251 2872 297 2879; baseline -0.022 0"><span class='ocrx_word' id='word_1_158' title='bbox 251 2872 297 2879; x_wconf 78' lang='lat'><strong>..—</strong></span> 
     </span>
    </p>
   </div>
   <div class='ocr_carea' id='block_1_8' title="bbox 176 3014 1511 4282">
    <p class='ocr_par' dir='ltr' id='par_1_8' title="bbox 176 3014 1511 4282">
     <span class='ocr_line' id='line_1_22' title="bbox 294 3014 1457 3102; baseline 0.001 -23"><span class='ocrx_word' id='word_1_159' title='bbox 294 3017 379 3080; x_wconf 88' lang='lat' dir='ltr'><strong>Item</strong></span> <span class='ocrx_word' id='word_1_160' title='bbox 402 3017 428 3087; x_wconf 88' lang='lat' dir='ltr'><strong>si</strong></span> <span class='ocrx_word' id='word_1_161' title='bbox 453 3014 591 3080; x_wconf 88' lang='lat' dir='ltr'><strong>eandem</strong></span> <span class='ocrx_word' id='word_1_162' title='bbox 614 3016 828 3101; x_wconf 89' lang='lat' dir='ltr'><strong>antiphonam</strong></span> <span class='ocrx_word' id='word_1_163' title='bbox 847 3017 968 3102; x_wconf 91' lang='lat' dir='ltr'><strong>partim</strong></span> <span class='ocrx_word' id='word_1_164' title='bbox 987 3016 1155 3101; x_wconf 83' lang='lat' dir='ltr'><strong>gravibus,</strong></span> <span class='ocrx_word' id='word_1_165' title='bbox 1174 3019 1298 3102; x_wconf 89' lang='lat' dir='ltr'><strong>partim</strong></span> <span class='ocrx_word' id='word_1_166' title='bbox 1321 3021 1457 3084; x_wconf 80' lang='lat' dir='ltr'><strong>acutis</strong></span> 
     </span>
     <span class='ocr_line' id='line_1_23' title="bbox 248 3117 1451 3217; baseline 0.001 -28"><span class='ocrx_word' id='word_1_167' title='bbox 248 3125 335 3189; x_wconf 88' lang='lat' dir='ltr'><strong>sonis</strong></span> <span class='ocrx_word' id='word_1_168' title='bbox 352 3124 547 3205; x_wconf 89' lang='lat' dir='ltr'><strong>cantaveris,</strong></span> <span class='ocrx_word' id='word_1_169' title='bbox 567 3130 625 3186; x_wconf 90' lang='lat' dir='ltr'><strong>aut</strong></span> <span class='ocrx_word' id='word_1_170' title='bbox 640 3117 883 3217; x_wconf 80' lang='lat' dir='ltr'><strong>quantumlibet</strong></span> <span class='ocrx_word' id='word_1_171' title='bbox 898 3145 956 3207; x_wconf 90' lang='lat' dir='ltr'><strong>per</strong></span> <span class='ocrx_word' id='word_1_172' title='bbox 971 3123 1058 3188; x_wconf 90' lang='lat' dir='ltr'><strong>hanc</strong></span> <span class='ocrx_word' id='word_1_173' title='bbox 1071 3125 1216 3210; x_wconf 85' lang='lat' dir='ltr'><strong>speciem</strong></span> <span class='ocrx_word' id='word_1_174' title='bbox 1228 3128 1451 3203; x_wconf 76' lang='lat' dir='ltr'><strong>variaveris,</strong></span> 
     </span>
     <span class='ocr_line' id='line_1_24' title="bbox 249 3228 1441 3317; baseline 0.003 -23"><span class='ocrx_word' id='word_1_175' title='bbox 249 3230 364 3295; x_wconf 88' lang='lat' dir='ltr'><strong>eadem</strong></span> <span class='ocrx_word' id='word_1_176' title='bbox 387 3250 517 3293; x_wconf 86' lang='lat' dir='ltr'><strong>vocum·</strong></span> <span class='ocrx_word' id='word_1_177' title='bbox 528 3231 637 3294; x_wconf 87' lang='lat' dir='ltr'><strong>unitas</strong></span> <span class='ocrx_word' id='word_1_178' title='bbox 656 3229 842 3316; x_wconf 80' lang='lat' dir='ltr'><strong>apparebit.</strong></span> <span class='ocrx_word' id='word_1_179' title='bbox 868 3228 965 3293; x_wconf 87' lang='lat' dir='ltr'><strong>Unde</strong></span> <span class='ocrx_word' id='word_1_180' title='bbox 997 3239 1092 3317; x_wconf 90' lang='lat' dir='ltr'><strong>poeta</strong></span> <span class='ocrx_word' id='word_1_181' title='bbox 1123 3232 1295 3296; x_wconf 88' lang='lat' dir='ltr'><strong>verissime</strong></span> <span class='ocrx_word' id='word_1_182' title='bbox 1319 3233 1441 3314; x_wconf 84' lang='lat' dir='ltr'><strong>dixit;</strong></span> 
     </span>
     <span class='ocr_line' id='line_1_25' title="bbox 248 3337 1436 3425; baseline 0.002 -22"><span class='ocrx_word' id='word_1_183' title='bbox 248 3349 364 3425; x_wconf 81' lang='lat' dir='ltr'><strong>septem</strong></span> <span class='ocrx_word' id='word_1_184' title='bbox 387 3338 576 3401; x_wconf 80' lang='lat' dir='ltr'><strong>discrimina</strong></span> <span class='ocrx_word' id='word_1_185' title='bbox 599 3360 728 3402; x_wconf 83' lang='lat' dir='ltr'><strong>nocam:</strong></span> <span class='ocrx_word' id='word_1_186' title='bbox 754 3339 832 3423; x_wconf 90' lang='lat' dir='ltr'><strong>quia</strong></span> <span class='ocrx_word' id='word_1_187' title='bbox 856 3340 918 3403; x_wconf 87' lang='lat' dir='ltr'><strong>etsi</strong></span> <span class='ocrx_word' id='word_1_188' title='bbox 941 3337 1053 3424; x_wconf 90' lang='lat' dir='ltr'><strong>plures</strong></span> <span class='ocrx_word' id='word_1_189' title='bbox 1077 3340 1142 3402; x_wconf 85' lang='lat' dir='ltr'><strong>sint</strong></span> <span class='ocrx_word' id='word_1_190' title='bbox 1166 3339 1220 3404; x_wconf 81' lang='lat' dir='ltr'><strong>vel</strong></span> <span class='ocrx_word' id='word_1_191' title='bbox 1243 3340 1337 3423; x_wconf 85' lang='lat' dir='ltr'><strong>fiant,</strong></span> <span class='ocrx_word' id='word_1_192' title='bbox 1362 3360 1436 3406; x_wconf 88' lang='lat' dir='ltr'><strong>non</strong></span> 
     </span>
     <span class='ocr_line' id='line_1_26' title="bbox 250 3443 1511 3532; baseline 0.002 -24"><span class='ocrx_word' id='word_1_193' title='bbox 250 3455 298 3510; x_wconf 79' lang='lat' dir='ltr'><strong>est</strong></span> <span class='ocrx_word' id='word_1_194' title='bbox 320 3445 462 3511; x_wconf 89' lang='lat' dir='ltr'><strong>aliarum</strong></span> <span class='ocrx_word' id='word_1_195' title='bbox 485 3443 636 3527; x_wconf 90' lang='lat' dir='ltr'><strong>adiectio,</strong></span> <span class='ocrx_word' id='word_1_196' title='bbox 653 3443 710 3507; x_wconf 90' lang='lat' dir='ltr'><strong>sed</strong></span> <span class='ocrx_word' id='word_1_197' title='bbox 729 3445 900 3508; x_wconf 84' lang='lat' dir='ltr'><strong>renovatio</strong></span> <span class='ocrx_word' id='word_1_198' title='bbox 917 3444 1147 3509; x_wconf 80' lang='lat' dir='ltr'><strong>earumdem&amp;</strong></span> <span class='ocrx_word' id='word_1_199' title='bbox 1166 3448 1335 3532; x_wconf 88' lang='lat' dir='ltr'><strong>repetitio.</strong></span> <span class='ocrx_word' id='word_1_200' title='bbox 1353 3449 1426 3512; x_wconf 90' lang='lat' dir='ltr'><strong>Hac</strong></span> <span class='ocrx_word' id='word_1_201' title='bbox 1509 3526 1511 3531; x_wconf 10' lang='lat' dir='ltr'>y</span> 
     </span>
     <span class='ocr_line' id='line_1_27' title="bbox 249 3552 1425 3641; baseline 0.004 -24"><span class='ocrx_word' id='word_1_202' title='bbox 249 3576 307 3617; x_wconf 88' lang='lat' dir='ltr'><strong>nos</strong></span> <span class='ocrx_word' id='word_1_203' title='bbox 323 3553 364 3617; x_wconf 89' lang='lat' dir='ltr'><strong>dc</strong></span> <span class='ocrx_word' id='word_1_204' title='bbox 383 3575 483 3617; x_wconf 88' lang='lat' dir='ltr'><strong>causa</strong></span> <span class='ocrx_word' id='word_1_205' title='bbox 507 3574 618 3616; x_wconf 89' lang='lat' dir='ltr'><strong>omnes</strong></span> <span class='ocrx_word' id='word_1_206' title='bbox 642 3574 737 3617; x_wconf 88' lang='lat' dir='ltr'><strong>sonos</strong></span> <span class='ocrx_word' id='word_1_207' title='bbox 761 3552 943 3617; x_wconf 89' lang='lat' dir='ltr'><strong>secundum</strong></span> <span class='ocrx_word' id='word_1_208' title='bbox 966 3554 1118 3618; x_wconf 91' lang='lat' dir='ltr'><strong>Boetium</strong></span> <span class='ocrx_word' id='word_1_209' title='bbox 1135 3555 1334 3641; x_wconf 84' lang='lat' dir='ltr'><strong>&amp;antiquos</strong></span> <span class='ocrx_word' id='word_1_210' title='bbox 1356 3579 1425 3621; x_wconf 90' lang='lat' dir='ltr'><strong>mu·</strong></span> 
     </span>
     <span class='ocr_line' id='line_1_28' title="bbox 250 3657 1499 3746; baseline 0.004 -23"><span class='ocrx_word' id='word_1_211' title='bbox 250 3660 332 3723; x_wconf 89' lang='lat' dir='ltr'><strong>sicos</strong></span> <span class='ocrx_word' id='word_1_212' title='bbox 356 3668 480 3745; x_wconf 89' lang='lat' dir='ltr'><strong>septem</strong></span> <span class='ocrx_word' id='word_1_213' title='bbox 504 3658 624 3722; x_wconf 89' lang='lat' dir='ltr'><strong>litteris</strong></span> <span class='ocrx_word' id='word_1_214' title='bbox 647 3657 874 3743; x_wconf 84' lang='lat' dir='ltr'><strong>figuravimus,</strong></span> <span class='ocrx_word' id='word_1_215' title='bbox 899 3682 973 3724; x_wconf 92' lang='lat' dir='ltr'><strong>cum</strong></span> <span class='ocrx_word' id='word_1_216' title='bbox 996 3661 1143 3725; x_wconf 90' lang='lat' dir='ltr'><strong>moderni</strong></span> <span class='ocrx_word' id='word_1_217' title='bbox 1167 3663 1304 3746; x_wconf 88' lang='lat' dir='ltr'><strong>quidam</strong></span> <span class='ocrx_word' id='word_1_218' title='bbox 1328 3665 1418 3728; x_wconf 90' lang='lat' dir='ltr'><strong>nimis</strong></span> <span class='ocrx_word' id='word_1_219' title='bbox 1498 3691 1499 3697; x_wconf 48' lang='lat'>¹</span> 
     </span>
     <span class='ocr_line' id='line_1_29' title="bbox 250 3765 1497 3853; baseline 0.003 -25"><span class='ocrx_word' id='word_1_220' title='bbox 250 3765 380 3830; x_wconf 89' lang='lat' dir='ltr'><strong>incaute</strong></span> <span class='ocrx_word' id='word_1_221' title='bbox 417 3774 559 3850; x_wconf 89' lang='lat' dir='ltr'><strong>quatuor</strong></span> <span class='ocrx_word' id='word_1_222' title='bbox 594 3772 723 3829; x_wconf 89' lang='lat' dir='ltr'><strong>tantum</strong></span> <span class='ocrx_word' id='word_1_223' title='bbox 756 3767 849 3851; x_wconf 85' lang='lat' dir='ltr'><strong>signa</strong></span> <span class='ocrx_word' id='word_1_224' title='bbox 873 3776 1063 3852; x_wconf 88' lang='lat' dir='ltr'><strong>posuerunt,</strong></span> <span class='ocrx_word' id='word_1_225' title='bbox 1087 3770 1240 3853; x_wconf 86' lang='lat' dir='ltr'><strong>quiritum</strong></span> <span class='ocrx_word' id='word_1_226' title='bbox 1269 3771 1418 3836; x_wconf 84' lang='lat' dir='ltr'><strong>videlicet</strong></span> <span class='ocrx_word' id='word_1_227' title='bbox 1496 3778 1497 3781; x_wconf 75' lang='grc'>’</span> 
     </span>
     <span class='ocr_line' id='line_1_30' title="bbox 250 3868 1495 3960; baseline 0.005 -25"><span class='ocrx_word' id='word_1_228' title='bbox 250 3894 364 3936; x_wconf 90' lang='lat' dir='ltr'><strong>sonum</strong></span> <span class='ocrx_word' id='word_1_229' title='bbox 387 3872 502 3936; x_wconf 85' lang='lat' dir='ltr'><strong>eodem</strong></span> <span class='ocrx_word' id='word_1_230' title='bbox 525 3871 647 3960; x_wconf 87' lang='lat' dir='ltr'><strong>ubique</strong></span> <span class='ocrx_word' id='word_1_231' title='bbox 670 3872 859 3937; x_wconf 82' lang='lat' dir='ltr'><strong>charactere</strong></span> <span class='ocrx_word' id='word_1_232' title='bbox 883 3868 1078 3958; x_wconf 73' lang='lat' dir='ltr'><strong>figurantes,</strong></span> <span class='ocrx_word' id='word_1_233' title='bbox 1103 3897 1178 3939; x_wconf 89' lang='lat' dir='ltr'><strong>cum</strong></span> <span class='ocrx_word' id='word_1_234' title='bbox 1195 3876 1415 3944; x_wconf 85' lang='lat' dir='ltr'><strong>indubitanter</strong></span> <span class='ocrx_word' id='word_1_235' title='bbox 1494 3890 1495 3893; x_wconf 76' lang='grc'>’</span> 
     </span>
     <span class='ocr_line' id='line_1_31' title="bbox 251 3978 1493 4066; baseline 0.005 -25"><span class='ocrx_word' id='word_1_236' title='bbox 251 4000 365 4043; x_wconf 90' lang='lat' dir='ltr'><strong>verum</strong></span> <span class='ocrx_word' id='word_1_237' title='bbox 389 3981 440 4060; x_wconf 88' lang='lat' dir='ltr'><strong>sit,</strong></span> <span class='ocrx_word' id='word_1_238' title='bbox 466 3980 553 4064; x_wconf 92' lang='lat' dir='ltr'><strong>quod</strong></span> <span class='ocrx_word' id='word_1_239' title='bbox 570 3978 704 4064; x_wconf 90' lang='lat' dir='ltr'><strong>quidam</strong></span> <span class='ocrx_word' id='word_1_240' title='bbox 720 3981 790 4043; x_wconf 91' lang='lat' dir='ltr'><strong>soni</strong></span> <span class='ocrx_word' id='word_1_241' title='bbox 814 4003 833 4048; x_wconf 88' lang='lat' dir='ltr'><strong>a</strong></span> <span class='ocrx_word' id='word_1_242' title='bbox 858 3982 924 4044; x_wconf 90' lang='lat' dir='ltr'><strong>suis</strong></span> <span class='ocrx_word' id='word_1_243' title='bbox 944 3983 1077 4066; x_wconf 89' lang='lat' dir='ltr'><strong>quintis,</strong></span> <span class='ocrx_word' id='word_1_244' title='bbox 1097 3991 1134 4046; x_wconf 90' lang='lat' dir='ltr'><strong>ut</strong></span> <span class='ocrx_word' id='word_1_245' title='bbox 1153 3983 1227 4047; x_wconf 76' lang='lat' dir='ltr'><strong>B&amp;</strong></span> <span class='ocrx_word' id='word_1_246' title='bbox 1246 3985 1281 4048; x_wconf 74' lang='lat' dir='ltr'><em>F</em></span> <span class='ocrx_word' id='word_1_247' title='bbox 1294 3987 1415 4050; x_wconf 87' lang='lat' dir='ltr'><strong>omuino</strong></span> <span class='ocrx_word' id='word_1_248' title='bbox 1491 4012 1493 4032; x_wconf 58' lang='grc' dir='ltr'>ι</span> 
     </span>
     <span class='ocr_line' id='line_1_32' title="bbox 176 4085 1414 4176; baseline 0.006 -30"><span class='ocrx_word' id='word_1_249' title='bbox 176 4137 182 4145; x_wconf 94' lang='grc'>.</span> <span class='ocrx_word' id='word_1_250' title='bbox 251 4085 447 4169; x_wconf 87' lang='lat' dir='ltr'><strong>discordent,</strong></span> <span class='ocrx_word' id='word_1_251' title='bbox 471 4087 642 4172; x_wconf 82' lang='lat' dir='ltr'><strong>nullusque</strong></span> <span class='ocrx_word' id='word_1_252' title='bbox 666 4105 762 4150; x_wconf 86' lang='lat' dir='ltr'><strong>sonus</strong></span> <span class='ocrx_word' id='word_1_253' title='bbox 781 4109 857 4151; x_wconf 90' lang='lat' dir='ltr'><strong>cum</strong></span> <span class='ocrx_word' id='word_1_254' title='bbox 873 4109 929 4152; x_wconf 89' lang='lat' dir='ltr'><strong>suo</strong></span> <span class='ocrx_word' id='word_1_255' title='bbox 947 4090 1060 4174; x_wconf 90' lang='lat' dir='ltr'><strong>quinto</strong></span> <span class='ocrx_word' id='word_1_256' title='bbox 1076 4089 1220 4176; x_wconf 84' lang='lat' dir='ltr'><strong>perfecte</strong></span> <span class='ocrx_word' id='word_1_257' title='bbox 1237 4088 1414 4156; x_wconf 80' lang='lat' dir='ltr'><strong>cbncordet</strong></span> 
     </span>
     <span class='ocr_line' id='line_1_33' title="bbox 250 4183 1493 4282; baseline 0.003 -26"><span class='ocrx_word' id='word_1_258' title='bbox 250 4191 348 4256; x_wconf 90' lang='lat' dir='ltr'><strong>Nulla</strong></span> <span class='ocrx_word' id='word_1_259' title='bbox 365 4194 452 4256; x_wconf 87' lang='lat' dir='ltr'><strong>enim</strong></span> <span class='ocrx_word' id='word_1_260' title='bbox 468 4215 531 4258; x_wconf 82' lang='lat' dir='ltr'><strong>vox</strong></span> <span class='ocrx_word' id='word_1_261' title='bbox 550 4215 624 4258; x_wconf 89' lang='lat' dir='ltr'><strong>cum</strong></span> <span class='ocrx_word' id='word_1_262' title='bbox 641 4192 745 4258; x_wconf 85' lang='lat' dir='ltr'><strong>altera</strong></span> <span class='ocrx_word' id='word_1_263' title='bbox 764 4203 884 4280; x_wconf 85' lang='lat' dir='ltr'><strong>praetcr</strong></span> <span class='ocrx_word' id='word_1_264' title='bbox 901 4204 1051 4261; x_wconf 90' lang='lat' dir='ltr'><strong>octavam</strong></span> <span class='ocrx_word' id='word_1_265' title='bbox 1066 4196 1414 4282; x_wconf 17' lang='lat' dir='ltr'><strong>perfecte-concordat.</strong></span> <span class='ocrx_word' id='word_1_266' title='bbox 1471 4183 1493 4218; x_wconf 21' lang='lat'><strong>‘¹</strong></span> 
     </span>
    </p>
   </div>
   <div class='ocr_carea' id='block_1_9' title="bbox 0 0 1528 5138">
    <p class='ocr_par' dir='ltr' id='par_1_9' title="bbox 0 0 1528 5138">
     <span class='ocr_line' id='line_1_34' title="bbox 0 0 1528 5138; baseline 0 0"><span class='ocrx_word' id='word_1_267' title='bbox 0 0 1528 5138; x_wconf 95' lang='lat' dir='ltr'><strong> </strong></span> 
     </span>
    </p>
   </div>
  </div>
 </body>
</html>
