3120 5144
496 400 609 456 GUIDO
630 399 789 455 Assumo

474 624 698 684 oarrnunuu
721 626 763 684 iv
785 623 833 704 (1)

288 768 434 810 SEGUNDUS
462 769 558 810 MODUS
586 768 703 809 INCIPIT.
726 770 874 811 Auruncus
897 769 1021 811 usurum

99 884 269 959 Descriptus
290 883 465 961 regulariter
486 901 552 943 cum
573 884 633 942 suis
654 888 720 959 part
709 884 788 944 tibus
808 904 862 960 pro
866 887 912 943 tus
933 886 1115 960 superest‚u
1051 864 1246 942 tutdeute·

58 1001 106 1042 rus
127 982 277 1041 intexatur
298 1001 367 1042 oum
387 984 447 1042 suis
468 983 601 1042 formulis
624 991 686 1042 tam
707 984 862 1043 autenticis
876 1003 966 1059 quam
980 981 1157 1060 plagalibus,
1173 997 1247 1056 quas

57 1081 147 1140 habet
168 1080 378 1155 postpositivns
399 1084 479 1153 tono,
502 1080 603 1140 ditono
626 1084 655 1141 et
676 1071 865 1141 diatessaron.
881 1081 1055 1157 suppositas
1076 1083 1175 1138 autem
1196 1097 1248 1155 per

57 1178 247 1248 semitonium
267 1182 298 1237 et
317 1179 370 1237 hec
399 1179 429 1237 in
458 1179 588 1238 autentis
616 1180 706 1239 habet
733 1183 833 1239 autem
865 1183 896 1239 et
921 1181 1077 1256 appositas.
1107 1178 1190 1237 Unde
1219 1180 1248 1237 et

57 1277 191 1352 quinque
211 1276 346 1336 formulis
368 1280 500 1336 constare
522 1278 648 1336 videtur.
676 1278 775 1337 Habet
802 1281 900 1338 autem
931 1279 1042 1336 multas
1073 1277 1248 1353 antiphonas

57 1394 117 1451 que
146 1376 315 1434 annomales
343 1395 404 1435 esse
426 1376 573 1448 videntur,
589 1377 745 1453 exquibus
767 1378 823 1437 alie
845 1376 984 1437 videntur
1005 1377 1092 1453 plage
1113 1375 1247 1446 tetrardi,

58 1474 116 1532 alie
138 1493 208 1533 vero
230 1475 317 1551 plage
338 1473 413 1532 triti.
434 1474 559 1533 Ratione
580 1493 649 1552 ergo
671 1494 729 1533 non
751 1475 865 1535 modica
886 1475 934 1534 hic
948 1493 1028 1551 opus
1050 1477 1103 1546 est,
1125 1475 1162 1532 ut
1182 1491 1248 1549 pos·

59 1571 121 1630 sint
141 1571 302 1632 rectissime
332 1586 452 1647 queque
476 1572 636 1647 antiphone
658 1572 785 1648 propriis
807 1577 909 1648 aptare
929 1572 1023 1630 modis
1045 1572 1174 1630 autentis
1195 1574 1249 1630 aut

60 1669 166 1746 plagis,
187 1689 240 1730 nec
260 1669 317 1728 alio
341 1671 559 1745 permutentur.

100 1767 160 1826 iste
181 1771 279 1828 autem
300 1766 405 1826 modus
427 1786 486 1826 non
507 1768 578 1827 adeo
609 1768 736 1828 aliorum
763 1771 944 1830 autenticam
970 1773 1069 1829 servat
1098 1769 1249 1846 regulam3

8 1926 13 1936 ,
61 1886 128 1926 cum
149 1866 226 1926 enim
247 1866 298 1925 alii
320 1866 424 1942 quinto
445 1866 573 1925 habeant
600 1866 745 1926 furmulas
774 1868 831 1928 iste
859 1870 978 1944 insuper
1005 1872 1099 1939 sexta3
1121 1866 1198 1926 unde
1221 1869 1250 1926 et

62 1967 134 2024 fines
149 1965 197 2025 vel
213 1964 302 2024 etiarn
312 1963 456 2040 principia
467 1964 683 2024 distinctionem
699 1966 729 2023 iu
743 1968 825 2026 sexto
840 1988 857 2026 a
871 1985 900 2026 se
914 1966 1009 2043 gradu
1020 1967 1249 2026 constituuntur.

107 2065 192 2136 Quod
220 2083 277 2123 non
305 2064 478 2140 autoritate,
506 2064 557 2122 sed
587 2083 621 2122 ex
641 2066 814 2125 necessitate
843 2067 944 2126 habet:
967 2069 1030 2126 erat
1059 2067 1136 2125 enim
1164 2068 1251 2126 nimis

60 2165 181 2225 difficile
201 2168 260 2225 tres
280 2164 436 2223 continuos
457 2166 540 2223 tonos
555 2163 617 2223 sine
630 2166 783 2225 semitonio
806 2168 982 2242 exprimere3
1004 2167 1110 2228 idcirco
1131 2170 1249 2243 postpo-

61 2267 119 2324 sita
139 2263 269 2341 regulari
291 2282 397 2324 vocum
418 2263 597 2322 connexione
618 2263 773 2323 necessitas
795 2268 839 2324 est
859 2267 987 2326 secuta·

163 2388 313 2465 Phrygius
334 2388 437 2446 modus
458 2389 502 2446 est
523 2390 633 2463 protus,
655 2388 835 2465 hypolydius
857 2389 995 2450 deuterus
1018 2393 1128 2466 estque.

164 2487 221 2545 Hic
243 2489 328 2546 aliter
349 2487 454 2545 modus
475 2487 568 2545 nescit
588 2487 771 2564 distinguere
792 2507 906 2549 vocum.

167 2586 223 2644 Hie
244 2588 381 2645 resonant
401 2585 476 2645 celsa
498 2589 615 2644 tantum
636 2586 796 2661 spiramina
817 2587 932 2663 quinto,

165 2684 222 2743 Hic
242 2685 374 2762 graditer
394 2688 475 2745 sexto
494 2703 546 2742 neo
567 2685 672 2743 horum
693 2685 758 2762 lege
780 2688 919 2748 tenetus.

65 3676 971 3787 ᾮπᾙῑζᾙμ-
990 3711 1255 3754 -Jsr-j

67 3783 207 3794 -.---·—--
101 3741 501 3789 ————---—--
503 3781 580 3788 ---
848 3782 1255 3795 -ς--η--μ--υ---

289 3833 388 3892 Gloria
569 3834 732 3892 seculorum
896 3852 990 3892 amen.

67 3969 212 4030 Dominus
232 3965 337 4043 legifer
356 3968 463 4025 noster.
677 3964 773 4025 Nemo
794 3969 823 4026 te
844 3967 1058 4027 condemnavit.

67 4068 174 4129 Tollite
680 4065 774 4124 Nemo
795 4065 884 4124 tollit.

68 4167 156 4227 Salva
177 4183 229 4224 nos
251 4163 364 4224 Christe
392 4227 395 4233 .

103 4344 144 4415 (1)
164 4338 216 4408 Qui
229 4340 277 4394 nel
289 4339 391 4396 (lodice
403 4358 419 4397 e
434 4339 510 4395 uella
524 4339 719 4410 riproduzione
730 4338 759 4396 di
773 4340 915 4398 Coussem.
929 4337 957 4393 vi
971 4338 986 4392 t
999 4339 1031 4405 V,
1045 4355 1095 4408 per
1114 4355 1207 4394 errore
1226 4336 1255 4392 di

68 4428 278 4490 numeraaione.
