3120 5136
505 365 618 466 curuo
637 410 796 466 lucrino
1191 387 1244 464 459

58 558 186 636 accipiet
206 559 384 642 autenticam
398 559 458 619 vim
472 559 623 636 aptissime
644 560 829 637 coaptabitur
850 559 980 619 tetrardo
998 560 1119 620 autento
1134 579 1187 636 per
1200 558 1254 619 dir

59 658 231 717 stinctioues
252 660 282 718 et
303 659 463 736 superiores
476 662 582 732 motus,
597 659 679 735 quod
697 659 758 719 suis
778 659 809 719 in
830 660 900 719 locis
921 659 1126 736 explicabitur.
1142 658 1244 736 Plagis

58 758 161 816 auteur
174 756 264 818 tritus
277 757 388 818 interea
401 759 521 835 proprie
534 759 566 819 in
581 776 650 818 voce
664 757 773 831 linitur,
789 778 845 834 que
868 757 980 818 duobus
1001 757 1135 817 elevatur
1154 758 1245 817 tonia

58 853 214 915 Interdum
239 856 270 915 in
295 856 386 930 affini,
415 877 473 934 que
502 859 664 934 predictam
693 858 887 918 elevationem
915 857 1122 931 habet,i11eo
1145 860 1245 917 tamen

60 951 200 1014 differunt
219 955 297 1031 quod
316 956 348 1014 in
368 956 418 1016 ille
438 957 592 1017 semitonio
613 957 781 1034 deponitur,
803 956 857 1016 ists
879 960 977 1017 autam
1000 959 1079 1016 tono.

200 1087 366 1166 Simplicior
386 1109 470 1150 casus
491 1110 580 1167 qnam
600 1091 716 1150 strictas
737 1090 865 1168 possidet
885 1090 997 1168 amplas

201 1188 300 1248 Tertia
319 1188 473 1266 plagarum
495 1188 624 1250 districte
645 1192 675 1250 et
695 1191 791 1266 prima
811 1190 866 1249 sub
887 1210 955 1249 una.

201 1288 316 1364 Regula
335 1287 497 1348 formarum
517 1288 663 1364 variisque
683 1288 814 1349 insistere
835 1308 939 1349 vocum

201 1385 416 1464 Ordinibnsqus
437 1388 532 1447 solent
553 1389 632 1446 fusco
654 1388 782 1447 colorare
802 1389 897 1448 alieno

201 1483 262 1545 Sub
283 1485 402 1547 modulo
424 1487 515 1545 trium
535 1485 678 1546 referetur
698 1486 786 1546 tertia
806 1505 921 1546 vocum.

58 1627 468 1723 Η-
579 1702 804 1712 .-..--
824 1631 1249 1746 :affl

200 1787 289 1849 Sexta
427 1790 498 1849 hora
618 1790 693 1849 sedit
780 1794 884 1868 'super
1048 1794 1183 1868 puteum.

60 1933 1041 1949 v—-Q——ae——ss—u———ssm
1068 1938 1249 1948 ——n-——a

243 2095 342 2156 Gloria
533 2096 700 2156 seculorum

34 2280 39 2286 .
62 2229 127 2308 Ipsa
147 2231 305 2293 invocavit.
673 2233 766 2292 Vobis
787 2233 891 2295 datum
911 2237 964 2296 est.

65 2330 195 2390 Verbum
215 2350 282 2392 caro
303 2332 422 2393 factum.
673 2333 814 2409 Alleluja.

65 2428 177 2488 Notum
198 2431 364 2503 secuudum,
675 2431 745 2490 Noli
766 2431 843 2491 fiere.

66 2528 155 2592 Servo
175 2547 302 2604 nequam
674 2528 825 2588 Modicum
847 2531 876 2589 et
896 2549 962 2590 non.

62 2627 156 2688 Hodie
176 2626 297 2687 intacta.
618 2696 623 2704 ‚
673 2626 770 2686 Nimis
791 2628 936 2688 exaltatus
957 2646 996 2687 es.

63 2725 290 2788 Oadmirabile.
408 2722 410 2726 ⁴
673 2725 741 2786 Non
763 2727 902 2786 turbetur
921 2746 979 2787 cor.
1036 2721 1037 2724 ’

62 2826 196 2888 Occurrit
215 2828 311 2888 beato.
676 2826 820 2886 Dominus
840 2828 872 2886 in
893 2827 971 2888 Sion.

62 2925 155 3004 Virgo
176 2924 271 2986 hodie.
456 2947 458 2951 ’
674 2924 819 2985 Dominus
841 2927 869 2984 iu
892 2927 962 2986 celo.

63 3024 200 3084 Nescisns
220 3027 323 3084 mater.
677 3023 808 3083 Adorate
828 3025 993 3085 Dominum.

62 3123 206 3183 Fluminis
225 3124 361 3204 impetus.
672 3121 735 3192 Que
757 3125 873 3184 mulier.

62 3221 237 3281 Benedictus
257 3222 348 3301 Deus.
669 3220 783 3280 Peneus
806 3223 922 3290 Petrus.

62 3320 214 3380 Enrctavit
234 3339 284 3380 cor
304 3340 410 3380 meum.
672 3318 696 3379 Ο
719 3341 811 3397 quam
832 3322 1000 3400 gloriosum.

63 3418 92 3479 Si
113 3437 167 3499 ego
188 3439 273 3481 verus
294 3419 411 3480 Christi.
673 3419 901 3480 Exaltabuntur.

536 3641 567 3682 lu
589 3641 772 3691 INTROITIBUS
842 3686 845 3692 ,

233 4084 333 4145 Gloria
535 4084 703 4144 seculorum
749 4157 752 4165 Ι
854 4105 947 4145 amen.

63 4222 159 4284 Hodie
179 4222 284 4284 scietis.
334 4294 336 4297 ¹
674 4221 744 4280 Esto
766 4222 839 4281 mihi
862 4222 892 4280 in
912 4222 1018 4282 Deum.

61 4322 97 4381 In
117 4321 212 4381 medio
233 4320 358 4383 ecclesie.
673 4314 853 4391 Quasimodo
875 4321 978 4399 geniti.

62 4421 233 4482 Sacerdotes
254 4420 382 4481 Domini.
677 4419 800 4480 Caritate
821 4421 956 4504 Domino.
