3120 5144
726 404 839 460 GUIDO
858 405 1019 460 Assumo

861 665 879 727 1

1043 838 1361 847 u-—n-———
1365 841 1471 848 ῃ-

470 992 568 1052 Gloria
788 997 953 1056 seculorum
1229 1018 1326 1057 amen.

282 1136 412 1216 Vigilate
433 1138 538 1202 animo.
889 1140 981 1201 Credo
1003 1141 1102 1202 videre

281 1236 382 1298 Turbe
401 1237 498 1298 multe
891 1239 1000 1299 Sancta
1020 1240 1124 1299 Meris.

320 1380 355 1441 In
375 1381 420 1441 his
441 1382 580 1458 appositu
597 1385 641 1440 est
661 1350 787 1442 formula
808 1385 837 1442 et
858 1382 888 1441 in
910 1403 1013 1443 oorum
1034 1384 1187 1444 similibus.
1209 1383 1347 1445 Ceterum
1363 1386 1463 1444 subse·

228 1532 229 1535 ,
280 1480 437 1555 quentibus
458 1481 491 1538 fit
512 1481 665 1556 supposita
684 1484 719 1539 ut
739 1480 769 1540 in
790 1482 835 1540 his
857 1483 1033 1557 antiphonis,

282 1626 376 1686 Meris
397 1628 426 1685 et
446 1622 577 1698 flumina,
892 1625 1076 1687 Sanctissime
1099 1629 1254 1700 confessor,

284 1723 393 1784 Omnes
413 1727 522 1802 gentes
893 1722 982 1785 Peter
1002 1730 1108 1786 sancte.

237 1886 239 1889 ,
281 1824 350 1883 Trio
370 1828 440 1882 suut
459 1842 591 1884 munere.
742 1854 745 1860 ·
894 1823 1018 1884 Sanetus
1039 1829 1069 1885 et
1089 1834 1210 1903 verumt

281 1922 328 1982 Sio
351 1921 456 1982 veniet.
893 1923 1031 1982 Laudabo
1053 1925 1226 1984 Dominum.

280 2020 409 2080 Mentem
430 2023 571 2081 sanctem.
894 2021 983 2082 Scitis
1004 2024 1055 2099 qui
1075 2042 1122 2083 me
1143 2025 1244 2083 tradit.

285 2119 434 2179 Anxietus
454 2120 550 2212 estin
569 2140 625 2179 me.
894 2121 958 2179 Duo
982 2122 1121 2182 homiues.

281 2217 447 2277 Habitabit.
892 2218 1027 2280 Ostendit
1049 2222 1151 2281 suncti.

280 2316 345 2375 Lux
366 2319 518 2394 perpetus.
643 2321 647 2330 '

321 2452 479 2512 Preeedens
499 2453 626 2511 formula
640 2451 748 2528 partim
769 2453 923 2511 semitonio
946 2457 990 2511 est
1009 2455 1169 2529 supposito,
1184 2455 1293 2531 purtim
1309 2457 1461 2532 apposite:

280 2549 458 2626 subsequens
487 2554 588 2610 autem
616 2551 794 2610 diatesseron
816 2552 996 2627 preponitur.
1025 2552 1123 2630 Igitur
1143 2553 1174 2611 in
1194 2554 1360 2613 formarum
1390 2557 1463 2631 posi·

280 2652 409 2713 tionibus
429 2651 591 2718 curandum
613 2656 717 2727 quest
738 2649 844 2724 quibus
871 2651 1002 2710 motibus
1029 2652 1089 2713 sint
1119 2654 1265 2730 preposite
1296 2656 1344 2714 vel
1375 2674 1462 2732 eppo·

281 2752 344 2824 site,
365 2754 418 2811 eut
437 2750 598 2827 supposite.

856 2952 885 3010 II

464 3295 564 3355 Gloria
812 3293 977 3352 seculorum
1138 3313 1231 3354 emen.

282 3447 403 3506 Rubum
420 3466 511 3523 ,quem
532 3445 655 3533 videret.
808 3429 811 3435 ⁵
893 3445 1069 3506 Innuebeut.

282 3544 371 3605 Serus
392 3545 537 3604 decursus.
890 3541 1050 3602 Biduanas.

281 3643 497 3722 Appenderunt'
513 3662 585 3702 mor.
890 3642 1096 3702 Ambulubuut
1116 3661 1239 3703 meeum.

321 3779 360 3838 Et
378 3780 431 3839 hee
453 3777 568 3856 quidem
590 3781 626 3845 ut
646 3775 779 3852 superior
800 3776 895 3854 prime
910 3776 1064 3836 semitonio
1085 3779 1128 3836 est
1149 3776 1301 3852 supposita
1323 3779 1359 3836 ut
1373 3778 1404 3836 in
1419 3778 1461 3836 his

282 3881 404 3956 apparet
423 3879 600 3956 antiphonis.
852 3888 854 3890 ’

851 4082 894 4141 ΙΙΙ

279 4262 384 4274 mm.
810 4261 1022 4269 —-—--—-
1061 4261 1465 4272 ----.-.-.-....-

279 4284 933 4391 ΞΞΓ-ΞΞῙ-Ὴ-
955 4331 1038 4340 =--
1184 4297 1465 4379 ΞΞ

425 4421 524 4481 Gloria
707 4420 870 4479 seculorum
1102 4439 1195 4479 amen.
