3120 5144
718 406 739 458 G
746 405 816 459 UDO
837 403 982 458 ARE'PNO

288 407 1172 682 ΞΞΞΕᾙΞΞΦᾎ*
1034 635 1171 644 -,.,
1335 633 1483 640 ἡ.

389 729 419 785 in
548 724 689 802 principio
792 728 822 783 et
882 742 960 784 nunc
1060 728 1090 782 et
1210 742 1324 799 semper

287 834 1483 1005 &QZ-'Q

288 987 926 997 ——-——-—.-..—--——-
930 986 1244 994 v————„-—
1250 985 1347 992 —a—

352 1045 381 1100 et
462 1041 490 1097 in
674 1039 770 1096 secula
1033 1039 1196 1097 seculorum
1361 1053 1459 1094 amen.

686 1187 751 1218 ΡΙΝΙΤ
766 1188 907 1219 cernemus
923 1187 1079 1219 ramelenus

829 1371 871 1428 rx
885 1367 930 1447 (1)

724 1523 823 1563 Petere
846 1524 912 1563 EJUS
934 1521 1041 1561 INCIPIT

330 1666 487 1742 Descriptis
509 1657 599 1726 etiam
620 1669 711 1743 tropis
732 1671 793 1726 tam
815 1666 991 1726 authenticis
1012 1685 1102 1741 quam
1124 1664 1287 1741 plagalibus
1308 1664 1410 1723 ultimi
1432 1684 1476 1722 re·

289 1768 349 1825 stat
370 1765 494 1842 plagalis
515 1784 583 1842 pars
603 1786 691 1842 quam
713 1787 764 1841 pre
787 1766 923 1825 omnibus
945 1765 1011 1823 aliis
1032 1764 1164 1840 partibus
1185 1766 1321 1839 optamus
1350 1766 1380 1821 et
1408 1763 1475 1820 dili-

289 1864 395 1940 gimus.
416 1863 536 1923 Dulcior
557 1865 665 1923 etenim
687 1866 798 1924 cunctis
820 1865 916 1923 fertur
938 1864 1031 1922 modis
1047 1866 1085 1932 et,
1103 1866 1136 1921 ut
1158 1862 1282 1939 figurate
1303 1862 1477 1936 loquamur,

290 1982 355 2021 cum
377 1963 509 2039 aprime
530 1982 625 2039 usque
646 1964 682 2022 ad
703 1967 816 2023 sextum
836 1964 951 2022 labores
971 1963 1062 2037 hujus
1091 1961 1150 2019 vite
1179 1960 1386 2038 significentur
1409 1980 1476 2020 cum

286 2063 350 2136 jam
370 2061 407 2119 ed
427 2061 584 2137 septimum
606 2062 733 2135 venitur,
749 2063 779 2121 in
795 2062 954 2138 quemdam
967 2060 1111 2119 transitur
1125 2059 1285 2118 theoricam
1299 2062 1330 2118 et
1345 2063 1476 2120 contem·

289 2165 432 2240 plativem
452 2164 554 2240 vitam,
576 2164 626 2223 sed
646 2184 702 2240 que
725 2164 819 2222 adhue
841 2182 926 2223 carne
948 2164 1102 2239 gravatur.

329 2262 439 2324 Octava
453 2266 552 2322 autem
568 2282 635 2340 pars
650 2265 679 2322 in
698 2264 834 2323 omnibus
848 2264 975 2338 perfecte
990 2265 1035 2320 est
1055 2265 1085 2319 et
1105 2260 1285 2318 transcendit
1307 2260 1424 2318 labores
1448 2264 1476 2319 et
1524 2310 1526 2315 .

289 2381 433 2434 erumnae,
448 2382 501 2421 nec
511 2364 574 2439 jam
589 2363 688 2421 dedita
703 2367 747 2421 est
762 2363 905 2432 lamentis,
923 2361 976 2418 nisi
991 2362 1039 2419 hic
1055 2360 1106 2435 qui
1121 2378 1219 2418 amore
1240 2377 1369 2434 superno
1391 2360 1474 2418 fiunt.

289 2460 372 2519 Unde
386 2464 415 2519 et
428 2460 546 2519 difficile
561 2464 589 2519 et
604 2461 736 2536 ineptum
749 2462 793 2519 est
808 2481 842 2518 ex
857 2458 957 2519 eodem
969 2459 1054 2517 modo
1071 2457 1132 2516 ficri
1146 2457 1335 2516 lamentabile
1347 2477 1473 2517 carmen.

330 2559 385 2618 Sed
404 2558 478 2618 libet
499 2562 530 2619 in
552 2561 636 2619 finem
658 2561 753 2636 operis
775 2562 906 2619 intexere
927 2560 1031 2635 quevis
1051 2559 1210 2634 unicuique
1236 2559 1351 2617 accidat
1380 2562 1474 2636 parti;

290 2676 341 2733 per
361 2660 482 2733 protum
502 2657 610 2716 etenim
632 2659 734 2716 melius
754 2657 935 2717 ostendimus
957 2657 1114 2732 qualitates
1136 2657 1182 2715 vel
1197 2657 1334 2715 historias
1350 2659 1475 2734 alicujus

289 2758 340 2814 rei.
362 2755 419 2821 Per
439 2757 540 2833 plagin
560 2757 639 2831 proti
660 2776 742 2816 crare
763 2759 810 2816 vel
831 2761 929 2832 petere
944 2755 1055 2830 aliquid
1068 2773 1231 2831 possumus,
1248 2756 1304 2814 Per
1319 2756 1475 2815 deuterum

288 2875 357 2915 vero
378 2855 538 2932 dignitates
560 2857 605 2914 vel
627 2856 784 2930 qualitates
806 2856 972 2914 animorum
995 2854 1120 2912 indicere
1148 2872 1309 2929 possumus.
1333 2855 1391 2913 Per
1413 2857 1475 2931 ple·

288 2955 339 3031 gin
360 2952 490 3028 ejusdem
511 2953 624 3012 deuteri
645 2955 798 3031 magnifice
820 2954 933 3029 aliquid
954 2954 1092 3012 extollere
1113 2971 1277 3028 possumus.
1300 2953 1359 3011 Per
1371 2956 1472 3013 tritum

289 3053 385 3110 eutem
400 3052 477 3109 actio
498 3051 585 3108 unius
607 3054 749 3127 cujusque
771 3053 952 3128 exprimitur.
966 3053 1024 3111 Per
1037 3053 1155 3129 plagam
1178 3070 1245 3111 vero
1261 3052 1396 3128 ejusdem
1411 3054 1474 3112 triti

289 3149 444 3224 repietatio
465 3169 498 3208 ac
519 3150 647 3208 lamenta
669 3155 804 3227 opportet
833 3151 904 3210 fieri.
928 3151 982 3210 Per
1011 3151 1177 3210 tetrardum
1199 3155 1299 3209 autem
1320 3152 1473 3210 beatitudo

290 3248 478 3324 exprimitur;
500 3250 549 3308 sed
571 3268 626 3325 que
647 3251 743 3309 adhuc
764 3269 849 3309 carne
869 3251 1012 3328 gravetur
1032 3269 1084 3325 per
1105 3251 1168 3326 ejus
1189 3268 1257 3309 vero
1286 3251 1472 3329 subjugalem

290 3349 389 3406 eterna
409 3348 491 3422 quies
513 3349 543 3407 et
563 3348 704 3407 habitudo
726 3349 911 3425 exprimitur.
1166 3357 1168 3362 '

330 3445 406 3516 Quia
427 3465 496 3524 ergo
518 3446 645 3507 diximus
669 3449 746 3524 quod
772 3448 934 3524 unIcuique
955 3447 1041 3506 modo
1064 3447 1298 3524 conveniatque
1320 3451 1409 3510 modo
1432 3450 1475 3508 vel

289 3547 364 3620 quot
384 3545 582 3604 distinctiones
602 3547 710 3606 habeat
731 3548 777 3606 hic
800 3547 922 3607 ultimus
945 3548 1105 3608 videamus.
1121 3548 1221 3607 Habet
1241 3550 1405 3624 preposItas
1426 3568 1473 3624 per

189 3661 190 3665 ’
290 3647 394 3702 tonum
416 3646 444 3701 et
462 3645 603 3720 reliquias
625 3647 734 3720 species
757 3647 838 3704 duas.
863 3645 1020 3723 Apposites
1041 3647 1115 3706 duas
1136 3655 1165 3707 et
1181 3667 1246 3706 ,una
1274 3667 1309 3707 ex
1335 3648 1472 3725 appositis

289 3741 437 3800 interdum
459 3745 488 3801 et
509 3744 657 3819 preposita
684 3763 736 3819 per
763 3745 953 3833 diatessaron,
980 3745 1138 3820 aliquando
1160 3765 1212 3822 per
1237 3745 1386 3822 diapente3
1409 3767 1471 3821 sup·

290 3841 416 3916 positam
438 3861 535 3900 unam.
558 3841 713 3900 AffinItate
734 3846 834 3903 autem
856 3844 1048 3921 conjungitur
1061 3845 1183 3903 autento
1199 3843 1321 3904 deutero
1337 3849 1368 3904 et
1382 3845 1470 3923 plagis

289 3939 363 3998 triti.
384 3938 468 3998 Unde
489 3942 518 3998 et
538 3939 636 3998 minus
658 3941 813 4017 capacibus
835 3944 895 4000 tam
917 3941 1051 4017 perfusas
1073 3961 1153 4001 error
1174 3943 1213 4000 sit
1233 3945 1267 4000 ut
1284 3943 1380 4004 multa
1400 3943 1470 4002 mels

290 4057 346 4112 que
366 4041 436 4096 suut
457 4037 569 4096 deuteri
590 4039 670 4098 modi
690 4039 802 4098 faciant
815 4041 846 4099 in
861 4043 941 4098 sexto
957 4044 1133 4112 antestare,
1150 4042 1179 4100 et
1193 4059 1226 4119 ea
1241 4061 1298 4116 que
1312 4046 1382 4103 sunt
1403 4040 1470 4103 sexti

289 4135 399 4195 faciant
419 4136 450 4194 in
470 4135 590 4194 deutero
611 4140 662 4195 aut
683 4137 794 4215 plagali
816 4137 965 4197 tetrardo:
999 4138 1088 4214 lltque
1118 4157 1198 4198 error
1227 4140 1373 4199 maximus
1394 4142 1470 4218 igno·

290 4236 388 4292 rentes
412 4234 490 4309 quod
515 4235 561 4294 cui
589 4235 719 4295 tribuere
749 4236 872 4312 possint.
894 4235 1078 4312 Quapropter
1104 4255 1218 4297 necesse
1238 4241 1291 4310 est,
1314 4241 1350 4299 ut
1370 4240 1470 4317 quibus

334 4428 375 4497 (1)
395 4428 498 4492 Queeto
516 4427 640 4497 capitolo
659 4447 715 4482 non
739 4428 754 4482 d
775 4434 922 4483 numerate
941 4429 987 4482 nol
1007 4428 1214 4484 Couesemaker.
