3120 5136
567 363 680 418 GUlDO
699 363 863 419 ARllTlNO
1247 367 1300 420 431

109 510 328 574 conveniunt
352 507 520 573 authentis
544 516 577 572 et
600 529 720 593 graves
744 507 919 594 plagibus3
944 517 977 572 et
999 509 1047 573 sic
1077 531 1206 595 semper
1235 518 1302 574 tres

105 635 162 681 ex
189 615 354 680 ambabus
377 613 529 702 partibus
541 624 766 700 ,utrorumque
786 624 862 678 sunt
885 616 1018 701 proprie
1031 618 1112 698 (lt,

162 723 445 787 Differentiarum
469 732 580 786 autem
604 721 775 786 modorum
798 720 914 786 borum
947 722 1092 788 formula
1123 722 1303 787 secundum

93 830 291 915 principia
314 839 472 895 cantuum
496 829 662 915 dispositae
694 838 787 911 sunt3
820 839 858 894 ut
889 830 1165 915 quemadmodum
1194 829 1302 895 finalis

92 961 187 1002 vox
215 938 360 1024 aliquem
382 939 554 1023 proprium
578 937 712 1001 modum
743 938 887 1020 metitur,
920 937 967 1000 sic
994 946 1027 1001 et
1059 935 1302 1000 rationabiliter

86 1044 290 1130 principia
313 1044 503 1108 eorumdem
527 1053 684 1108 cantuum
711 1044 854 1129 aptiores
875 1041 939 1106 sibi
957 1042 1115 1108 formulas
1138 1051 1300 1127 coaptent,

81 1160 288 1237 quatenus
311 1151 355 1214 sit
373 1149 513 1236 pulchra
532 1151 694 1214 connexio
714 1171 778 1235 que
798 1148 979 1214 secundum
999 1151 1146 1235 proprios
1165 1151 1200 1213 in
1219 1171 1300 1214 una-

84 1277 259 1342 quaque
272 1255 434 1340 dirigatur
447 1264 563 1320 motus.
574 1254 663 1335 Quos
677 1266 782 1321 motus
794 1279 910 1342 nempe
927 1256 1071 1320 diximus
1083 1257 1151 1321 fore
1163 1279 1232 1342 sex,
1245 1259 1301 1344 qui

82 1364 202 1428 dum
227 1360 334 1425 tribus
358 1362 568 1447 applicantur
592 1362 889 1445 adherectionibus,
914 1364 949 1426 in
976 1386 1173 1450 unoquoque
1205 1365 1301 1428 modo

82 1470 275 1536 diversas
299 1477 332 1532 et
354 1468 533 1554 ampliores
556 1478 589 1532 et
613 1471 647 1533 in
671 1469 870 1555 quibusdam
898 1469 1114 1535 districtiores
1144 1470 1301 1536 formulas

82 1577 283 1657 efficiunt,
307 1574 487 1638 secundum
511 1575 599 1660 quod
622 1577 799 1661 unicuique
823 1577 982 1641 motiones
1002 1599 1077 1641 cum
1096 1576 1300 1641 adherectio-

82 1684 223 1748 nibus
248 1683 429 1767 adjungere
453 1690 598 1767 possunt.
618 1683 687 1746 Nec
706 1682 828 1768 aliquis
848 1682 1018 1747 modorum
1037 1682 1211 1768 ampliores
1228 1706 1301 1769 per-

85 1791 271 1854 mittitur
295 1788 416 1852 habere
441 1786 596 1851 formulas
616 1789 680 1852 nisi
700 1810 773 1874 quae
792 1811 835 1852 ex
851 1790 920 1875 ipso
937 1789 1133 1874 regulariter
1149 1793 1300 1875 generari

86 1897 291 1978 poterint3
315 1904 352 1958 ut
371 1896 455 1959 sicut
478 1894 608 1958 cautela
631 1896 838 1980 permaxima
861 1897 896 1960 in
915 1918 1033 1960 vocum
1050 1897 1198 1980 modulis,
1223 1897 1302 1961 dum

89 2001 346 2088 qualitatibus
369 2010 401 2065 et
424 1999 666 2087 quantitatibus
690 2002 910 2066 excreverint.

169 2109 338 2188 Quocirca
357 2110 498 2172 musicus
520 2116 627 2172 motus
650 2108 795 2171 continet
814 2109 1008 2193 qualitatem
1022 2120 1056 2174 et
1071 2112 1300 2195 quantitatem.

90 2211 223 2296 Quod
247 2217 274 2277 si
298 2214 433 2278 desierit
457 2213 651 2298 qualitatem
676 2215 937 2299 quantitatemve
960 2226 1066 2281 motus
1083 2216 1215 2300 babere,
1227 2218 1300 2303 jam

94 2339 192 2387 non
217 2322 362 2385 musicus
385 2329 492 2384 motus
515 2321 588 2384 erit.
613 2318 763 2398 Qualitas
788 2330 898 2386 autem
923 2332 1028 2387 motus
1052 2333 1111 2407 est,
1132 2332 1242 2387 utrum
1256 2325 1298 2388 sit

89 2438 239 2510 protus
256 2427 308 2491 vel
328 2427 494 2509 deuterus,
516 2436 574 2491 aut
594 2426 733 2512 quilibet
752 2428 837 2493 alius
857 2439 974 2494 motus.
994 2429 1170 2509 Quantitas
1188 2440 1299 2495 autem
1376 2481 1377 2487 κ

87 2545 315 2600 utrumnam
338 2535 382 2597 sit
398 2533 527 2620 duplus,
545 2533 738 2618 sesquialter
757 2544 815 2598 aut
835 2537 1073 2621 sesquitertius.
1093 2537 1201 2621 Igitur
1220 2560 1301 2623 qua-

90 2633 201 2706 litas
227 2643 262 2704 in
297 2641 468 2705 modorum
499 2640 679 2727 speciebus,
709 2643 878 2728 quantitas
906 2643 940 2706 in
972 2645 1201 2728 magnitudine
1228 2667 1302 2731 pre·

90 2749 284 2814 scribitur
308 2757 466 2811 motuum.

166 2857 338 2920 Praeterea
362 2864 393 2918 et
416 2853 586 2920 modorum
610 2855 750 2919 diversae
774 2857 898 2941 species
921 2878 987 2921 non
1010 2850 1149 2922 minima
1171 2859 1298 2944 prepol-

93 2953 193 3028 lent
218 2963 405 3047 quantitate
428 2984 486 3025 seu
510 2962 682 3047 qualitate,
708 2963 785 3027 dum
808 2985 893 3028 unus
917 2965 950 3026 in
982 2964 1115 3028 modum
1144 2963 1299 3045 historiae,

92 3078 212 3134 recto
238 3077 271 3131 et
294 3067 473 3153 tranquillo
497 3067 622 3132 feratur
649 3090 757 3132 cursu.
776 3068 872 3132 Alter
889 3092 965 3134 vero
985 3069 1144 3134 anfractis
1163 3069 1300 3134 saltibus

97 3177 330 3240 (aoncinatur.
346 3174 444 3238 Alius
462 3174 616 3238 videatur
631 3175 793 3259 garrulus,
814 3186 846 3240 et
862 3199 958 3241 sevus
977 3178 1013 3241 in
1037 3175 1176 3241 sublime
1195 3175 1301 3241 extol·

97 3271 196 3346 lens
223 3279 429 3344 audientium
453 3283 590 3344 animos.
614 3279 709 3345 Alter
732 3303 810 3345 vero
829 3283 980 3367 placidus
1011 3284 1226 3368 laetitiamque
1254 3285 1300 3348 in-

106 3388 244 3452 dicans
268 3410 405 3452 morum.
430 3385 527 3465 Quod
550 3388 669 3471 cuique
692 3387 848 3473 prudenti
872 3390 952 3452 satis
976 3388 1112 3474 patebit,
1137 3411 1253 3454 curare
1273 3393 1299 3454 si

103 3495 301 3561 studuerit.

176 3783 222 3827 DE
244 3782 411 3826 roauunls
433 3781 736 3828 mrrnasrrmuuu
754 3783 799 3827 ΕΤ
818 3784 936 3828 EARUM
959 3784 1244 3829 PROPRIE'I'ATIBUS

169 3941 329 4004 Diversae
352 3948 462 4003 autem
486 3937 609 4003 habent
633 3938 790 4004 formulas
814 3939 936 4024 singuli
960 3941 1130 4005 modorum
1150 3963 1232 4026 quas
1249 3963 1297 4004 re·
1360 3926 1361 3929 Ἴ

118 4046 287 4133 gulariter
311 4047 357 4110 sic
381 4045 421 4109 de
445 4067 639 4131 unoquoque
663 4044 874 4131 producimus
898 4045 1002 4110 modo.
1027 4046 1142 4110 Primo·
1155 4047 1298 4111 omnium

119 4156 345 4221 constituatur
361 4155 504 4219 musicus
521 4163 627 4218 motus
647 4155 679 4216 in
697 4175 760 4239 quo
784 4155 827 4217 sit
850 4153 996 4240 qualitas
1019 4165 1052 4220 et
1070 4157 1239 4245 quantitas
1256 4180 1299 4221 ex

163 4369 204 4440 (1)
226 4368 260 4422 In
279 4365 416 4423 Gerberto
434 4367 480 4439 qui
501 4368 640 4424 comincia
658 4368 679 4423 il
698 4369 735 4425 Vl
755 4367 919 4442 paragrafo.
