3120 5144
319 421 371 475 aaa
651 388 654 394 ’
757 421 868 478 corno
888 423 1049 478 anenno

318 567 477 633 labarum.
502 567 595 632 Sicut
618 570 706 634 enim
729 568 833 632 Lirici
857 577 951 654 poetae
970 589 1059 632 nunc
1077 567 1135 632 hos
1158 590 1248 633 nunc
1272 568 1356 633 alios
1375 568 1492 634 adiun-

317 699 396 742 xere
420 676 529 763 pedes,
553 678 600 741 ita
625 691 648 747 a
669 678 725 762 qui
750 685 882 740 cantum
907 677 1044 758 faciunt,
1069 676 1314 741 rationabiliter
1331 677 1493 741 discretas

317 807 356 849 ac
380 784 529 847 diversas
549 792 747 868 componunt
761 805 913 865 neumas3
937 782 1142 848 rationabilis
1161 805 1239 847 vero
1259 782 1419 848 discretio
1435 792 1491 865 est,

318 893 346 954 si
370 892 416 954 ita
440 892 483 954 sit
505 897 740 954 neumarum&
760 885 1007 954 distinctionum
1032 890 1198 954 moderata
1216 891 1372 972 varietas,
1393 898 1431 953 ut
1447 901 1493 953 ta·

319 1019 392 1061 men
425 1019 551 1061 neumae
582 980 709 1060 neumis
740 1001 764 1058 ta
790 995 1016 1060 distinctiones
1049 995 1318 1060 distinctionibus
1348 996 1492 1082 quadam

318 1126 445 1189 semper
476 1102 690 1167 similitudine
714 1101 777 1166 sibi
808 1110 1025 1166 consonanter
1050 1101 1280 1187 respondeant,
1305 1103 1341 1166 id
1371 1114 1433 1186 est,
1457 1112 1493 1167 ut

319 1215 362 1275 sit
380 1210 559 1274 similitudo
580 1209 757 1293 dissimilis,
778 1231 867 1273 more
890 1209 1055 1294 perdulcis
1079 1208 1258 1274 Ambrosii.
1281 1209 1357 1273 Non
1380 1214 1491 1274 'autem

319 1342 423 1404 parva
442 1317 623 1383 similitudo
642 1325 693 1381 est
710 1318 824 1381 metris
841 1324 864 1380 tr
880 1315 1039 1400 cantibus,
1057 1311 1131 1381 c'um
1151 1321 1173 1379 dr
1192 1339 1317 1380 neumae
1337 1317 1417 1382 loco'
1429 1320 1491 1382 sint

318 1425 448 1512 pedum,
465 1436 488 1493 tr
506 1424 732 1488 distinctiones
749 1424 819 1487 loco
839 1445 1003 1504 versuum,
1023 1424 1135 1508 utpote
1158 1426 1223 1487 ista
1238 1416 1359 1488 neuina
1378 1423 1491 1509 dacty-

318 1533 392 1616 lico,
417 1532 474 1595 illa
496 1553 575 1595 vero
597 1531 786 1616 spondaico,
811 1530 868 1594 illa
889 1529 1029 1595 iambico
1053 1540 1156 1595 metro
1181 1520 1382 1611 decurreret,
1404 1533 1491 1599 adi-

318 1640 525 1704 stinctionem
549 1659 638 1701 nunc
661 1645 886 1701 tetrametram
909 1660 997 1701 nunc
1020 1645 1270 1723 pentametram,
1293 1639 1377 1702 alias
1402 1639 1491 1724 quasi

318 1746 543 1810 hexametram
567 1766 691 1827 cernes,
716 1751 739 1808 tr
761 1743 866 1808 multa
889 1742 966 1824 alia,
992 1752 1028 1807 ut
1051 1745 1200 1827 elevati0,
1230 1755 1253 1811 b
1282 1746 1405 1828 positio
1425 1753 1491 1808 tum

318 1855 390 1939 ipsa
412 1851 484 1933 sibi,
509 1859 579 1916 tum
610 1849 833 1915 alteraalteri
857 1851 973 1915 similis
998 1851 1050 1915 vel
1079 1851 1246 1915 dissimilis
1270 1860 1490 1936 praeponatur,

318 1962 531 2044 supponatur,
560 1966 755 2042 apponatur,
780 1959 1025 2043 interponatur,
1052 1958 1137 2024 alias
1168 1959 1381 2041 coniunctim,
1412 1959 1490 2023 alias

318 2067 432 2148 divise,
458 2065 541 2130 alias
564 2066 768 2130 commixtim
798 2065 840 2129 ad
871 2064 959 2130 hunc
981 2066 1125 2130 modum.
1149 2066 1234 2129 Item
1264 2068 1359 2131 utin
1392 2090 1489 2131 unum

318 2176 536 2239 terminentur
560 2182 670 2259 partes
690 2183 713 2240 a
731 2173 958 2237 distinctiones
974 2195 1171 2237 neumarum·
1185 2183 1284 2258 atque
1304 2174 1488 2256 verborum,

317 2284 383 2345 nec'
402 2290 496 2348 tenor
520 2279 635 2362 longus
659 2281 693 2342 in
719 2278 916 2364 quibusdam
943 2277 1099 2343 brevibus
1127 2278 1275 2364 syllabis,
1300 2289 1360 2344 aut
1383 2280 1489 2344 brevis

318 2391 351 2452 in
382 2389 488 2472 longis
513 2389 565 2468 sit,
589 2389 669 2472 quia
689 2388 735 2469 (1)
760 2384 1006 2450 obscoenitatem
1033 2387 1130 2470 parit,
1156 2385 1252 2471 quod·
1274 2396 1387 2451 tamen
1420 2408 1488 2451 raro

318 2517 398 2580 opus
422 2496 486 2558 crit
508 2516 636 2557 curare.
659 2494 744 2557 Item
766 2503 804 2557 ut
826 2514 935 2556 rerum
959 2502 1097 2557 eventus
1125 2494 1172 2556 sic
1196 2495 1361 2558 cantionis
1386 2497 1487 2559 imite-

317 2609 373 2665 tur
396 2600 541 2684 effcctus,
566 2607 602 2663 ut
626 2600 660 2662 in
685 2598 836 2662 tristibus
851 2597 949 2662 rebus
967 2620 1083 2683 graves
1102 2599 1169 2662 sint
1186 2620 1325 2683 neumae,
1348 2600 1385 2664 in
1405 2610 1486 2664 tran-

244 2690 247 2694 *
318 2708 429 2794 quillis
444 2706 543 2772 rebus
552 2705 721 2793 jucundae,
739 2706 774 2768 in
791 2707 955 2791 prosperis
978 2694 1174 2788 exultanter,
1195 2713 1228 2769 et-
1246 2705 1393 2792 reliquae.
1409 2709 1486 2771 Item

316 2838 400 2900 saepe
423 2813 559 2879 vocibus
582 2835 718 2897 gravem
743 2822 766 2879 a
789 2821 922 2877 acutum
945 2820 1116 2876 accentum
1137 2815 1398 2898 superponimus,
1416 2814 1485 2900 quia

318 2944 402 3007 saepe
421 2930 459 2986 ut
477 2921 593 2985 maiori
612 2919 756 3005 impulsu
775 2919 944 3005 quasdam,
968 2920 1015 2984 ita
1040 2919 1140 2983 etiam
1163 2920 1281 2983 minori
1307 2922 1483 2985 efferimus:

319 3029 403 3094 adeo
419 3036 457 3091 ut
473 3026 617 3091 eiusdem
632 3049 716 3111 saepe
731 3028 822 3091 vocis
840 3027 1000 3112 repetitio,
1014 3026 1153 3094 elevatio
1172 3025 1225 3090 vel
1245 3026 1408 3112 depositio
1424 3048 1483 3092 esso

317 3135 482 3199 videatur.
505 3135 590 3198 Item
614 3142 650 3197 ut
674 3135 707 3197 in
731 3133 863 3198 modum
886 3134 1048 3198 currentis
1067 3134 1144 3218 equi
1162 3155 1291 3219 semper
1309 3137 1344 3199 in
1363 3135 1429 3201 fine
1443 3134 1481 3199 di-

317 3243 529 3308 stinctionum
553 3242 661 3305 rarius
684 3262 780 3306 voces
802 3240 846 3304 ad
872 3240 979 3305 locum
1007 3241 1232 3326 respirationis
1259 3241 1432 3324 accedant,
1453 3250 1482 3303 ut

316 3349 411 3436 quasi
434 3348 531 3432 gravi
555 3368 643 3411 more
666 3346 709 3410 ad
732 3347 1098 3432 repausandumlassae‘
1120 3348 1327 3433 perveniant.
1353 3348 1479 3434 Spissin

317 3464 425 3520 autem
451 3464 473 3520 ta
497 3477 580 3536 rare,
598 3463 695 3540 prout
718 3462 855 3539 oportet,
880 3463 965 3519 notae
988 3457 1172 3541 compositae
1202 3454 1302 3519 huius
1335 3477 1419 3542 saepe
1440 3455 1478 3519 rei

316 3570 470 3647 poterunt
495 3562 653 3627 indicium
670 3561 980 3647 da1·e.'Liquescunt
1004 3584 1081 3626 vero
1101 3563 1135 3626 in
1153 3561 1264 3626 multis
1287 3585 1387 3628 voces
1403 3582 1477 3627 more

316 3669 513 3751 litterarum,
541 3670 589 3732 ita
621 3678 657 3732 ut
689 3670 838 3755 inceptus
867 3668 982 3734 modus
1006 3671 1101 3733 unius
1130 3669 1173 3733 ad
1191 3668 1334 3734 alteram
1356 3668 1477 3756 limpide

316 3777 480 3839 transiens
505 3798 564 3840 nec
588 3775 676 3840 finiri
707 3776 870 3840 videatur.
893 3777 996 3841 Porro
1018 3778 1208 3863 liquescenti
1232 3779 1308 3841 voci
1333 3786 1476 3862 punctum

316 3883 409 3968 quasi
435 3883 628 3947 maculando
651 3884 900 3968 superponimus
923 3883 985 3948 hoc
1008 3884 1117 3948 modo:
1214 3941 1222 3951 .

703 4079 733 4143 G
778 4079 848 4144 DE
894 4078 945 4144 Ga
991 4025 1025 4142 a.
1060 4078 1107 4143 G.

690 4185 746 4250 Ad
801 4195 829 4250 te
911 4183 938 4247 la
982 4207 1024 4246 aa
1064 4185 1110 4246 oi.

353 4443 433 4531 (tif.
453 4443 651 4501 absonitatem.
