3120 5136
62 870 201 881 ——·

175 1034 225 1093 cut
330 1035 394 1093 erat
473 1032 504 1091 in
604 1033 746 1110 principio
867 1036 895 1092 at
977 1051 1056 1092 nunc
1176 1034 1206 1092 et

100 1797 198 1856 Multa
218 1795 403 1872 responsaria
423 1797 493 1854 sunt
513 1813 549 1854 ex
569 1795 626 1856 isto
648 1795 746 1868 modo,
767 1795 838 1872 quia
857 1794 952 1872 magis
980 1793 1123 1855 finiuntur
1143 1795 1174 1855 in
1204 1800 1246 1855 te·

66 1895 172 1968 trardo‚
193 1915 281 1972 quam
302 1894 334 1953 in
354 1892 436 1968 trito,
457 1893 532 1953 sieut
554 1895 608 1952 est:
632 1897 696 1969 Epo
717 1911 787 1953 sum
809 1894 842 1953 id
861 1895 945 1971 quod
964 1911 1043 1954 sum.
1103 1943 1105 1946 .

436 2055 495 2087 PARS
509 2054 596 2086 ‘ruam
610 2053 740 2090 PMGARUM
754 2051 867 2087 Exrnwtr

463 2244 688 2304 onarrunuu
707 2244 780 2303 vm
801 2240 845 2320 (1)

411 2398 578 2441 durannus
598 2399 768 2441 tarandrus
789 2397 898 2439 ntcrrlr

104 2552 242 2612 Premissi
271 2536 342 2630 ergo
363 2539 443 2611 modi
465 2571 532 2612 cum
562 2551 806 2633 subsequentibus
828 2571 863 2610 ex
888 2550 1029 2628 diapason
1058 2553 1245 2626 consonantia

66 2651 190 2711 esistunt
209 2650 368 2728 speciebus,
390 2668 464 2726 quos
484 2653 585 2727 tropos
607 2650 653 2711 vel
674 2652 760 2710 tonos
781 2649 974 2710 nominamus.
989 2651 1043 2710 Est
1057 2653 1159 2730 autem
1180 2670 1281 2715 conr
1338 2726 1340 2731 Ι
1425 2632 1429 2643 ’

64 2748 179 2810 stitutio
193 2748 309 2809 intotis
323 2767 429 2809 vocum
444 2749 594 2809 ordinibus
610 2749 756 2828 gravitate
778 2748 912 2807 differens
933 2750 987 2808 aut
1007 2748 1151 2808 acumine.
1173 2747 1248 2808 Gon·

65 2849 182 2910 stitutio
204 2867 273 2910 vero
294 2850 337 2909 ast
357 2848 474 2926 plenum
496 2848 590 2910 veluti
610 2846 819 2908 modulationis
840 2865 945 2924 eorpus
959 2848 1117 2907 consistens
1131 2866 1166 2907 ex
1180 2866 1247 2908 con·

60 2948 267 3018 ¹sonantiarum
278 2946 493 3024 conjunctione,
508 2947 594 3023 quale
604 2950 647 3007 est
656 2946 797 3023 diapason
808 2944 855 3004 vel
866 2945 1001 3021 diapente
1009 2945 1056 3005 vel
1067 2945 1247 3005 diatessaron

65 3051 117 3108 aut
138 3047 278 3124 diapason
299 3049 329 3106 et
349 3046 486 3124 diapente
506 3047 554 3106 vel
573 3047 619 3106 bis
648 3045 798 3123 diapason.
820 3044 903 3104 Unde
925 3047 954 3104 et
981 3043 1122 3120 quasdam
1142 3044 1174 3104 in
1194 3065 1246 3104 au·

64 3146 153 3208 tentis
175 3165 207 3206 ao
227 3146 322 3232 plagis
342 3145 531 3220 symphonias
552 3145 722 3222 reperimus,
745 3164 800 3221 qua
822 3164 856 3204 ex
877 3146 940 3204 sola
954 3143 1133 3228 diatessaron
1148 3144 1200 3202 aut
1214 3163 1249 3203 ex

64 3247 129 3307 solu
149 3245 316 3305 afficiuntur
336 3226 472 3321 diapente
492 3244 540 3305 vel
560 3244 710 3321 diapason,
732 3263 861 3319 quarum
882 3228 1094 3321 perfectissima
1107 3243 1247 3320 diapason

65 3348 108 3406 est
129 3363 195 3422 quae
216 3363 253 3404 ex
274 3346 338 3405 toto
359 3344 543 3403 autenticum
564 3344 618 3402 aut
640 3362 673 3402 ex
694 3345 757 3402 toto
779 3342 927 3421 plagalem
949 3341 1038 3402 efficit
1052 3343 1182 3401 cantum.
1204 3341 1248 3402 Ex

65 3444 244 3503 diatessaron
264 3461 333 3503 vero
355 3444 384 3502 et
405 3441 541 3519 diapenta
561 3441 674 3500 medius
696 3434 822 3500 efficitur
841 3438 956 3511 modus,
978 3441 1028 3514 qui
1048 3458 1101 3499 nec
1122 3437 1248 3501 autenti·

65 3563 129 3603 cam
150 3560 202 3602 nee
229 3561 352 3618 gravem
382 3540 500 3618 proprie
527 3540 626 3600 reddit
650 3533 763 3616 partam
791 3539 944 3599 cantilena.
968 3538 1052 3598 Unda
1083 3536 1247 3614 eujusmodi

65 3640 154 3700 fuerit
174 3639 299 3699 dissensi
320 3658 378 3698 non
398 3639 486 3713 valet,
502 3641 604 3698 utrum
618 3641 740 3699 autento
762 3641 816 3699 aut
829 3630 917 3716 plage
931 3637 1057 3698 conferri
1071 3638 1176 3711 valeat,
1191 3637 1248 3697 nisi

65 3760 100 3800 ex
121 3739 367 3799 distinctionibus.
389 3739 436 3797 Ex
456 3739 597 3815 diapason
617 3757 687 3817 argo
710 3740 739 3798 et
760 3737 895 3816 diapenta
916 3737 1041 3798 efficitur
1061 3737 1173 3811 modus,
1194 3738 1248 3813 qui

64 3843 94 3901 et
115 3839 297 3899 autenticam
318 3838 347 3896 et
367 3838 515 3915 plagatam
535 3838 655 3898 unisone
676 3839 792 3897 resonat
812 3837 1019 3914 quantitatem.
1041 3837 1147 3915 Igitur,
1163 3838 1197 3896 ut
1216 3836 1247 3895 in

65 3938 177 4006 ceteris,
198 3940 229 3998 at
248 3937 279 3996 in
303 3937 374 3996 trito
389 3937 481 3997 forme
495 3955 564 3995 cum
578 3936 703 4014 propriis
718 3936 885 4013 antiphonis
899 3936 930 3995 in
944 3937 1067 3995 autento
1082 3935 1249 3994 inferantur

64 4036 203 4109 tetrardo,
213 4053 285 4112 quas
299 4052 412 4095 necasse
433 4036 476 4093 est
490 4036 525 4093 ut
545 4034 718 4111 propositas,
740 4033 887 4110 appositas
902 4035 931 4093 et
944 4033 1111 4109 suppositas
1130 4032 1247 4092 habeat.

65 4135 233 4213 Propositas
256 4153 308 4211 par
337 4137 451 4205 tonum,
473 4131 617 4206 ditonum,
639 4133 829 4192 semitonium
859 4133 888 4192 et
913 4132 1057 4208 diapente,
1079 4149 1137 4207 que
1161 4131 1249 4191 simul

65 4234 195 4312 quinque
209 4234 299 4293 fiunt:
315 4232 508 4294 duasscilicot
527 4251 579 4309 per
602 4234 708 4291 tonum
722 4235 752 4292 et
765 4251 857 4291 unam
872 4250 923 4307 per
936 4229 1135 4303 semitonium,
1156 4249 1248 4289 unam

64 4351 134 4394 vero
156 4331 300 4410 diapente,
322 4332 455 4408 quintam
469 4350 539 4392 vero
553 4347 605 4408 per
618 4331 761 4391 ditonum.
777 4329 950 4408 Suppositas
964 4331 1064 4390 autem
1078 4346 1130 4407 per
1143 4331 1248 4389 tonum

114 4539 156 4608 (t)
176 4535 247 4592 Vedi
265 4532 452 4592 osservazioni
470 4532 498 4589 ai
517 4532 632 4605 capitoli
650 4533 823 4604 precedenti.
851 4603 853 4607 Ι
