3120 5144
474 385 587 441 GUlDO
606 386 767 442 ARETINO
1153 390 1205 444 429

31 535 244 619 quitertiam3
275 533 430 618 diapente
466 542 575 597 autem
612 555 674 619 per>
699 531 960 618 sesquialteram.
993 532 1204 620 Quapropter

32 649 127 704 tonus
151 639 257 703 omnis
281 639 318 703 fit
340 639 478 703 novenis
501 639 662 725 passibus,
688 639 893 704 diatessaron
925 642 1103 725 quaternis,
1134 640 1205 704 dia·

32 755 128 832 pente
153 767 231 810 vero
256 747 367 810 ternis.
386 746 555 831 Diapason
575 755 685 810 autem
704 744 824 831 ubique
842 745 880 809 fit
896 745 1023 810 duobus
1043 746 1204 832 passibus,

33 873 104 915 cum
129 859 162 914 et
186 851 332 915 vicissim
357 850 419 914 sibi
445 854 480 914 in
504 852 793 916 consonantiarum
815 850 966 936 partibus
986 852 1176 916 succedunt.

590 1042 645 1107 ΙΙΙ

35 1212 74 1254 DE
103 1209 337 1255 consortum
361 1209 422 1254 SEU
445 1209 571 1253 NEUMIS
599 1209 850 1254 OONVENIENTIA
876 1209 989 1254 VOOUM
1017 1209 1205 1254 EARUMDEM

75 1358 193 1423 Omnis
224 1367 333 1422 autem
361 1357 526 1421 cantilena
552 1367 675 1444 septem
698 1357 914 1423 dissimilibus
941 1357 1078 1423 vocibus
1108 1357 1206 1444 perfi-

35 1467 127 1547 citur,
154 1487 196 1529 ex
221 1464 341 1550 quibus
369 1466 432 1528 alie
456 1474 531 1529 sunt
554 1488 704 1549 consone,
728 1465 793 1529 alie
817 1487 894 1529 vero
928 1465 1068 1529 dissone.
1093 1465 1206 1530 Prima

34 1573 143 1658 itaque
167 1581 199 1635 et
222 1581 343 1657 quarta
365 1584 434 1636 vox'
456 1582 567 1636 ternas
584 1573 616 1637 in
637 1573 850 1659 dispositione
875 1595 913 1636 ac
932 1572 1027 1636 binas
1046 1574 1081 1635 in
1096 1571 1204 1636 eleva-

35 1680 120 1743 tione
146 1678 331 1742 simillimas
355 1678 479 1743 habent
502 1678 669 1743 formulas.
693 1680 740 1744 At
763 1680 907 1743 secunda
932 1689 964 1743 et
988 1681 1103 1765 quinta
1126 1702 1206 1765 qua-

35 1795 105 1850 tuor
121 1787 157 1850 in
173 1785 374 1870 depositione
390 1794 423 1848 et
439 1807 540 1848 unam
560 1787 594 1848 in
614 1786 806 1852 elevatione.
825 1786 928 1850 Porro
947 1786 1047 1849 tertia
1063 1795 1206 1850 etsexta

34 1903 173 1978 quatuor
196 1892 239 1956 ab
262 1891 473 1956 inferioribus
497 1892 622 1956 similes
646 1892 769 1961 habent
793 1892 963 1975 formulas,
988 1916 1007 1956 a
1031 1894 1206 1978 superiori-

33 1998 90 2064 bus
114 2021 178 2063 nec
198 2021 308 2063 unam.
328 2000 406 2063 Post
430 1998 489 2063 has
509 2007 627 2084 quarta
643 2022 663 2062 a
682 2001 822 2084 septima
841 1999 1035 2062 dissociatur
1054 1999 1206 2086 amplius,

33 2127 90 2169 nec
114 2105 218 2168 ullam
241 2106 385 2169 retinent
408 2107 655 2190 proportionum
675 2107 923 2169 consonantiam
941 2105 983 2168 ad
1003 2106 1206 2169 seinvicem.

34 2211 182 2298 ltemque
202 2213 308 2297 prima
324 2221 358 2276 et
377 2213 493 2298 quinta
506 2222 646 2298 quatuor
663 2235 682 2275 a
701 2211 925 2297 superioribus
942 2211 1064 2275 similes
1085 2211 1206 2275 habent

33 2318 231 2401 formulas,a
249 2319 451 2404 depositione
471 2328 579 2382 autem
592 2320 766 2383 neminem.
786 2319 937 2383 Secunda
957 2341 1034 2382 vero
1054 2340 1092 2380 ac
1114 2326 1207 2381 sexta

33 2428 202 2514 quaternis
217 2426 366 2491 formulis
381 2427 541 2491 similibus
559 2427 732 2491 elevantur
749 2449 788 2490 ac
803 2449 869 2489 una
882 2426 1107 2512 deponuntur:
1121 2425 1207 2489 unde

34 2545 63 2598 et
85 2544 229 2618 utraque
252 2542 346 2618 proto
369 2532 529 2597 scribitur
543 2535 602 2618 (1).
627 2533 742 2597 Tertia
766 2555 843 2596 vero
868 2541 900 2595 et
930 2533 1070 2616 septima
1096 2541 1206 2596 ternas

33 2642 232 2706 elevationes
243 2661 281 2703 ac
293 2640 388 2704 binas
401 2638 619 2725 depositiones
632 2639 767 2723 habent,
782 2639 906 2702 similes
921 2648 954 2702 et
972 2639 1097 2702 deuteri
1118 2637 1206 2703 modi

35 2756 160 2815 extant.
185 2747 270 2810 Nam
293 2767 372 2809 vero
396 2755 514 2830 quarta
534 2761 608 2809 cum
632 2754 749 2809 octava
772 2746 870 2808 unius
886 2748 920 2808 in
939 2767 1005 2808 una
1025 2745 1206 2808 elevatione
1259 2789 1263 2796 x

34 2854 242 2919 conveniunt.
266 2851 520 2938 Notandumque
550 2861 599 2916 est
633 2853 711 2936 quia
742 2851 792 2914 hae
824 2852 921 2915 unius
950 2873 1020 2915 esse
1052 2851 1207 2914 dicantur

35 2961 121 3025 modi
134 2958 195 3048 (2),
211 2957 368 3022 habentes
385 2958 505 3022 similes
521 2957 719 3023 elevationes
733 2967 765 3021 et
776 2957 1004 3043 depositiones,
1019 2957 1207 3020 nullatenus

34 3080 143 3135 tamen
163 3069 274 3154 aliqua
298 3090 340 3131 ex
364 3067 416 3130 his
440 3088 514 3130 cum
538 3066 649 3151 aliqua
672 3065 735 3130 sibi
761 3065 964 3151 depositione
982 3063 1205 3144 concordanti,

34 3177 217 3243 elevatione
236 3174 428 3254 concordat3
445 3182 504 3236 aut
522 3173 731 3236 convenienti
748 3175 781 3236 in
799 3171 992 3254 elevatione,
1008 3170 1201 3256 depositioni

36 3283 222 3349 concordat.

598 3471 648 3535 IV

265 3639 310 3683 DE
322 3618 589 3684 arrlul'rfflnus
613 3636 830 3681 mulinensem
854 3635 977 3680 VOCUM·

161 3748 207 3792 DE
232 3720 371 3791 Pnoruto
394 3746 461 3790 VEL
485 3743 667 3789 anlucwlvo
690 3742 874 3789 aocrnmnrt
897 3742 1080 3794 utilemque

80 3897 287 3981 Unaqueque
310 3915 387 3966 vero
404 3915 522 3958 vocum
537 3890 638 3956 habet
653 3890 781 3975 aliquid
797 3890 977 3976 proprium,
998 3889 1076 3953 dum
1091 3910 1206 3961 earum

33 4003 177 4068 affinitas
200 4022 266 4064 non
290 4022 333 4064 ex
350 4008 417 4063 toto
433 4000 585 4063 acumine
605 3997 657 4065 vel
673 3999 839 4081 gravitate
863 3996 1072 4078 concordant,
1093 4006 1125 4060 et
1146 3995 1209 4058 ali-

70 4215 110 4286 ql)
131 4211 214 4268 Gerb.
232 4212 272 4265 he
289 4209 497 4266 adscribuntur.
688 4283 690 4288 μ

69 4305 111 4375 (2)
130 4300 267 4356 Gerberto
285 4299 443 4372 aggiunge:
464 4315 525 4370 qua
543 4298 691 4353 elevatione
704 4297 794 4368 mapis
812 4295 989 4352 conveniunt.
1008 4295 1064 4367 Quo
1078 4295 1206 4372 quamvis

35 4393 122 4447 anias
140 4406 199 4445 esse
217 4389 349 4445 dicantar
368 4389 442 4444 modi
459 4394 514 4444 etc.
