3120 5144
284 404 336 458 474
726 402 838 458 GUIDO
856 401 1016 458 ARETINO

286 553 360 624 Quia
380 553 474 612 duum
495 569 609 628 semper
629 551 766 628 pthongis

285 652 434 710 Resonant
453 648 591 710 suaviter.

284 749 376 826 quue
397 767 501 808 nomeu
521 749 655 824 generale

285 847 403 907 cunetis
424 843 629 917 consonantiis,

285 946 443 1022 Diapason,
463 944 600 1020 diapente

286 1044 413 1105 Nomina
432 1046 502 1102 sunt
522 1043 640 1118 propria

285 1142 478 1214 Quantitatis3
499 1142 551 1201 heo
572 1144 602 1201 et
622 1141 671 1200 dia

285 1241 426 1300 'Passaron
445 1240 588 1300 vocabula

286 1339 411 1416 captant
431 1355 545 1411 nomen,
567 1335 637 1396 dum
657 1358 675 1395 a
696 1354 800 1398 vocum

286 1436 349 1496 Sibi
368 1435 491 1496 fixarum
513 1457 530 1495 a
550 1454 679 1494 numero.

285 1535 491 1611 Unusquisque
512 1536 626 1593 constat
647 1538 742 1593 motus

285 1634 459 1705 Quantitate
479 1633 614 1710 simplici,

285 1732 433 1804 Qualitate
453 1732 589 1807 quamvis
610 1749 680 1801 sono

286 1831 417 1890 Hereant
438 1829 596 1905 multiplici

285 1930 353 1988 Non
375 1946 474 1988 omnes
495 1929 652 2004 qualitates
754 1974 756 1977 .

285 2027 324 2088 Et
340 2029 404 2104 jam
424 2045 498 2103 quas
519 2028 638 2102 speeies.

284 2126 430 2201 Diapason
451 2144 577 2201 namque
597 2128 711 2186 constat

284 2223 402 2302 Ogdoas
422 2242 474 2300 per
493 2225 629 2296 voculas;
694 2242 698 2248 ’

284 2323 347 2383 Hac
366 2343 384 2382 a
405 2310 516 2383 cunctis
536 2341 642 2380 nomen
662 2324 796 2399 sumpsit,

285 2423 361 2494 Quia
381 2421 458 2480 inest
478 2421 621 2481 omnibus.

223 2520 698 2596 'wwmmm

285 2620 422 2680 Vicissim
444 2638 502 2678 una
523 2619 623 2678 altere.

284 2721 428 2797 Diapente
448 2736 552 2778 vocum
575 2719 708 2795 quinque

266 2836 268 2842 ’
284 2818 382 2877 Habet
402 2818 458 2876 hoc
477 2817 664 2877 vocabulum.

272 2907 341 2976 'Hie
361 2915 536 2991 sexquialter
555 2933 677 2975 manens

284 3014 383 3075 Vincit
402 3017 472 3073 tono
493 3013 683 3073 diatessaron.

284 3112 355 3172 Inde
376 3114 456 3172 sexta
476 3128 528 3169 nec
549 3110 672 3170 secunde

285 3212 405 3288 Semper
425 3210 528 3268 herent
548 3210 658 3268 vocale.

285 3311 394 3370 Cantus
415 3311 468 3376 est,
489 3308 615 3384 prudens
636 3311 745 3380 cautor,

285 3409 347 3467 Hos
368 3406 495 3485 perfecte
515 3424 641 3466 noscere.

285 3505 397 3576 Quibus
417 3504 488 3564 locis
508 3523 568 3564 esse
590 3507 701 3582 possint

285 3603 358 3663 (ium
378 3603 503 3663 discreta
522 3604 605 3663 facie.

284 3703 360 3774 Quia
380 3702 457 3761 idem
478 3720 543 3761 oum
564 3703 624 3760 sint
643 3722 756 3780 semper

284 3799 412 3860 Tantum
424 3803 572 3861 ,resonant
592 3802 684 3860 unice.

287 3897 403 3974 Septem
425 3897 502 3957 enim
523 3897 664 3974 diapason

285 3995 369 4057 Certe
389 3997 492 4056 insunt
512 3998 630 4072 species.

283 4094 425 4170 Diaponte
444 4095 513 4154 bine
533 4095 621 4172 duple
739 4109 741 4112 ·

284 4190 528 4270 Diatessaronque
548 4195 644 4254 tertie.

251 4333 253 4337 ψ
284 4289 388 4365 Sicque
409 4292 507 4352 minus
527 4312 615 4369 quam
637 4295 697 4355 sint
716 4313 800 4355 vocas

283 4388 378 4448 Unam
400 4382 501 4450 teuent
520 4394 653 4468 speciem.

892 549 991 608 Tonas
1012 568 1082 608 vero
1102 567 1171 609 sono
1194 551 1280 627 pleno
1321 579 1324 582 ·

896 647 1030 723 Sumpsit
1050 648 1105 708 hoc
1125 649 1302 708 vocabulum

895 745 957 806 Nec
978 748 1172 823 augmentum
1192 765 1244 806 nec
1265 746 1422 806 defectum

897 844 1011 922 Recipit
1031 847 1092 904 ullo
1113 844 1209 904 modo.

895 942 988 1019 Cujus
1009 962 1114 1003 nomen
1134 944 1232 1005 cuncti
1253 945 1334 1020 tropi

890 1043 1023 1118 Repuere
1043 1042 1171 1102 sibimet.

933 1139 1005 1200 Octo
1027 1140 1121 1199 modis
1141 1141 1252 1216 quique
1273 1158 1328 1200 sua

931 1238 1060 1298 Pulchra
1081 1239 1197 1315 fingunt
1217 1239 1342 1298 cantica.

894 1336 973 1395 Duris
995 1338 1129 1414 gravales
1151 1340 1181 1396 at
1201 1339 1302 1396 acutas

895 1435 1086 1511 Sequestrant
1107 1436 1285 1512 particulas3

891 1533 954 1604 Qua
975 1545 1133 1593 noscuntur
1154 1533 1302 1612 gravitate

895 1634 1015 1692 Necnon
1036 1636 1067 1692 et
1086 1633 1228 1692 acumine.

935 1731 1051 1790 Primus
1073 1734 1159 1791 tonus
1180 1750 1275 1790 unum
1297 1748 1411 1792 nomen

897 1830 1013 1906 deperit
1033 1829 1060 1888 si
1078 1831 1222 1906 queritur.
1353 1824 1364 1842 ⁸

896 1930 995 1988 Prima
1014 1929 1092 1988 vocis
1113 1929 1168 1988 hoo
1189 1948 1223 1987 ex
1243 1931 1326 1989 voto.

894 2027 1036 2087 Meruisse
1057 2029 1178 2102 sapitur.
1215 2055 1224 2067 -

893 2125 988 2196 Quam
1009 2127 1034 2184 si
1054 2145 1161 2202 queres
1182 2127 1238 2186 isto
1255 2145 1341 2186 more

893 2226 959 2284 Tibi
980 2226 1105 2302 pandam
1126 2225 1236 2284 ordina.

895 2323 964 2382 Tres
985 2341 1125 2401 cognosce
1145 2324 1263 2383 tautum
1284 2342 1374 2383 voees

894 2422 971 2482 Ortu
991 2422 1053 2482 fore
1074 2421 1202 2498 proprio.

892 2523 955 2580 Due
975 2522 1045 2581 tono
1068 2520 1282 2598 disjunguntur

896 2620 984 2679 Plano
1005 2640 1022 2678 a
1039 2637 1074 2678 -sa
1094 2618 1228 2679 invicem.

896 2718 1058 2778 Semitonio
1078 2737 1136 2776 non
1157 2718 1242 2793 plano

831 2866 834 2871 ,
895 2816 993 2876 Tertia
1015 2815 1205 2893 disjungitur.

896 2916 936 2974 Hi
958 2916 1075 2974 discreti
1097 2915 1153 2974 duo
1174 2917 1273 2974 motus

895 3015 1009 3074 Tonum
1031 3016 1149 3072 cautum
1170 3016 1356 3090 construunt,

893 3114 953 3171 Neo
975 3112 1100 3171 minores
1121 3112 1180 3171 ulle
1201 3115 1300 3189 partes

898 3211 966 3270 Esse
987 3213 1102 3286 queunt
1122 3210 1254 3282 vocibus;

896 3310 1076 3371 Statuuntur
1096 3309 1265 3368 firmitatem

893 3409 1016 3484 Propter
1036 3428 1127 3467 uuam
1149 3407 1285 3465 insimul

895 3508 960 3566 Una
982 3507 1056 3566 enim
1079 3508 1104 3566 ai
1125 3506 1245 3578 deesset,

896 3607 1000 3666 Altera
1020 3606 1227 3665 succumberet.

895 3707 999 3780 Neque
1021 3705 1096 3763 melo
1118 3704 1252 3781 quisquis
1273 3711 1383 3782 posset.

895 3804 995 3862 Alium
1017 3805 1170 3862 instruere.

893 3902 1067 3960 Falciuutur
1087 3902 1128 3959 sic
1150 3901 1275 3960 vicissim
1326 3915 1328 3922 ⁴

895 4000 960 4060 Uno
980 4001 1071 4059 semet
1093 4017 1222 4076 corpore.

929 4099 1015 4156 Nune
1035 4115 1160 4174 cognoce
1180 4097 1310 4173 primum
1331 4104 1447 4173 tonum,

894 4196 989 4267 Quare
1010 4197 1123 4273 primus
1144 4196 1254 4256 sedeat.

890 4296 1019 4355 Primam
1041 4314 1137 4355 vocam
1161 4295 1232 4371 quia
1252 4297 1346 4370 tenet,

892 4395 971 4454 Touo
993 4394 1038 4453 vel
1061 4394 1246 4471 adjungitur,
