3038 5144
446 395 559 451 GUIDO
580 394 740 451 unumne
932 394 936 402 “
1163 395 1216 449 205

41 545 153 616 nostre
169 540 324 632 Tedesco,
344 559 362 611 e
384 537 576 630 proseguite
595 542 673 628 pero
693 535 761 609 fine
776 536 843 609 1111
861 536 1071 610 conclusione
1090 538 1217 630 11111-

40 656 132 730 riodo
156 657 217 728 che
240 655 275 727 di
298 675 407 728 nnouo
440 651 668 726 trascriuiamo
705 652 823 725 intere.
860 653 1111 756 «Imperocclre
1146 654 1216 726 uidi

42 800 59 841 «
84 773 182 846 molti
201 769 389 845 acutissimi
408 768 557 842 liloeofii
579 768 671 859 quali
694 789 755 861 per
777 769 810 841 lo
839 769 949 841 studio
971 769 1006 841 di
1032 771 1216 860 qneet'erte

40 914 58 957 a
82 910 153 961 non
170 888 241 960 solo
255 905 429 959 cercarono
443 905 463 957 a
478 884 612 957 maestri
627 883 830 977 gl'Italiani,
852 905 905 956 ma
923 884 973 977 gli
992 884 1091 958 stessi
1110 886 1216 958 Fran·
1304 906 1308 912 ·

38 1029 58 1070 a
83 1003 165 1093 cesi,
185 1002 196 1074 i
221 1000 380 1076 Germani
398 999 439 1073 ed
453 1021 534 1072 anco
553 999 626 1092 (qui
649 999 678 1070 si
703 998 847 1072 rimonta
869 1022 889 1072 a
911 1022 956 1071 uun
976 1000 1110 1092 periodo
1125 1002 1218 1073 tanto

35 1146 57 1186 «
83 1120 148 1212 piu
171 1119 296 1205 antico)
317 1117 329 1188 i
354 1116 465 1191 Greci:
490 1137 544 1187 ma
566 1117 687 1207 perche
711 1116 747 1188 in
770 1119 887 1206 questa
910 1116 981 1189 sola
1002 1118 1118 1209 regola
1133 1117 1216 1208 (cioe

31 1261 56 1301 «
82 1234 141 1307 nel
166 1233 348 1324 complesse
371 1232 425 1305 dei
448 1231 577 1305 eistensi
601 1231 669 1303 fine
692 1252 713 1303 a
736 1231 845 1306 (tuido
872 1231 1066 1325 conosciuti)
1089 1233 1120 1304 si
1147 1226 1237 1305 effi·-

28 1377 55 1418 «
81 1352 219 1441 darono,
243 1370 309 1421 non
329 1349 492 1440 potettero
515 1347 718 1439 addiuenire,
736 1369 802 1419 non
822 1347 896 1425 dico
919 1348 1048 1440 musici,
1065 1369 1119 1421 ma
1136 1369 1218 1440 nep·

28 1493 56 1533 1
81 1463 226 1559 purmei
242 1463 419 1556 cantori30
435 1463 566 1536 imitare
590 1463 602 1535 i
625 1462 732 1535 nostri
755 1462 908 1536 fanciulli
925 1462 1070 1536 sahnisti
1083 1464 1216 1553 (1).»11

22 1583 167 1671 vacante
189 1582 289 1672 ualga
312 1578 368 1671 poi
393 1578 627 1669 quest’ultima
642 1578 841 1666 distincione
872 1581 932 1652 ohe
956 1579 1034 1653 vien
1058 1580 1143 1653 fatto
1168 1581 1217 1653 fra

22 1696 159 1769 musici
184 1717 203 1767 e
226 1695 363 1787 cantori,
387 1696 420 1767 lo
443 1695 558 1768 dicono
583 1696 665 1768 bene
689 1695 700 1766 i
724 1695 878 1788 segmenti
907 1695 996 1767 uersi
1026 1695 1113 1768 delle
1151 1695 1218 1767 Re-

22 1814 116 1906 gole
150 1809 341 1883 ritimiohe:
378 1812 487 1882 «Fra
521 1810 531 1880 i
564 1809 682 1883 musici
717 1810 757 1884 ed
781 1811 793 1880 i
816 1811 943 1884 canteri
972 1832 1063 1884 corre
1093 1811 1217 1903 grande

24 1957 52 1998 «
78 1929 251 2001 distance:
275 1927 385 2017 questi
409 1926 635 2020 eseguisoono,
660 1927 765 2018 111111
789 1947 893 2000 senno
916 1926 965 1999 oio
984 1928 1044 2000 ohe
1060 1948 1217 2018 compone

23 2075 53 2114 «ι
81 2046 120 2117 11
142 2043 322 2115 musical]
341 2041 395 2114 chi
412 2043 572 2132 laquelle
591 2043 651 2114 che
670 2065 736 2114 non
761 2064 808 2133 su,
828 2044 862 2114 si
882 2043 1039 2115 delinisse
1067 2065 1133 2115 una
1164 2044 1218 2114 be·

24 2188 52 2228 a<
80 2160 226 2249 stiaffl).
252 2186 270 2226 a»

79 2276 162 2365 Ora,
185 2274 346 2347 tornando
369 2274 455 2346 sulle
479 2274 607 2347 riferite
625 2276 748 2366 parole,
772 2275 826 2347 chi
850 2275 958 2366 eche,
973 2274 1149 2347 uolendoui
1168 2275 1217 2345 di-

21 2409 188 2464 scorrere
213 2408 310 2479 sopra
340 2389 670 2482 spassionetamente,
692 2391 861 2492 ⁴potrebbe
890 2389 1095 2481 concludere,
1128 2410 1218 2462 come

21 2504 289 2590 Kiesseuetter,
304 2504 364 2575 che
378 2503 519 2594 rispetto
534 2505 603 2577 1111
618 2505 746 2578 musica
758 2507 789 2579 le
807 2507 943 2579 tenebre
958 2501 1056 2578 siano
1073 2505 1121 2577 fin
1135 2506 1218 2598 dopo

24 2623 151 2699 Guido
177 2621 320 2694 soltanto
344 2621 381 2693 in
403 2620 527 2695 Italia?
547 2622 608 2695 che
627 2623 663 2693 in
686 2621 875 2711 Germania,
899 2622 935 2693 in
960 2622 1147 2713 Francius
1170 2622 1218 2693 fin

28 2760 120 2812 unce
140 2758 255 2843 presso
279 2736 291 2806 i
315 2737 423 2822 Greci,
448 2736 476 2808 si
496 2736 1219 2829 1111111111111111111,111111111ιί1,

32 2855 65 2929 lc
91 2855 217 2926 istesso
241 2852 427 2945 cognicioni
450 2853 702 2927 dell'ilretino?
727 2854 788 2927 (ihi
813 2863 830 2926 e
853 2854 913 2925 che
943 2855 1102 2927 vorrebbe
1125 2853 1218 2942 dirci,

39 2991 98 3044 ron
119 2968 272 3042 euiandio
287 2969 346 3060 piu
361 2968 468 3042 ardite
491 2971 706 3062 conclusioni,
723 2972 784 3044 che
803 2971 844 3044 da
866 2971 944 3062 quei
964 2970 1075 3062 popoli
1093 2973 1124 3043 le
1143 2972 1220 3062 pote

41 3087 231 3178 acquistare
254 3085 281 3157 il
305 3107 440 3159 monaco
462 3086 496 3158 di
522 3087 707 3178 Pomposa?
730 3089 774 3161 Se
796 3110 863 3160 non
888 3089 960 3178 che,
987 3088 1020 3160 le
1051 3110 1117 3159 non
1141 3108 1219 3159 sono

45 3222 194 3296 neppure
212 3203 329 3292 qrueste
347 3203 416 3275 solo
439 3203 471 3274 le
494 3203 698 3278 conclusioni
718 3204 778 3276 che
796 3204 1044 3294 Kiesseuetter,
1062 3202 1220 3294 perlando

81 3530 132 3612 (l)
152 3531 226 3591 Vidi
247 3531 324 3591 enim
345 3534 453 3592 multos
474 3532 656 3592 acutissimos
671 3531 866 3607 philosophos,
877 3531 930 3604 qni
947 3548 997 3604 pro
1019 3528 1115 3588 studio
1137 3528 1221 3586 huius

46 3632 125 3702 artis,
146 3648 206 3688 non
238 3629 335 3688 solum
355 3629 455 3702 Italos,
477 3630 526 3688 sed
547 3629 636 3688 etiam
654 3628 752 3687 Gallos
774 3630 863 3702 atque
894 3626 1061 3695 Germanos
1085 3625 1222 3699 ipsosque

45 3730 133 3789 etiam
156 3727 284 3787 Graecos
298 3727 468 3803 quaesivere
483 3726 649 3804 magistros
667 3725 717 3784 sed
731 3724 802 3800 quia
816 3725 846 3783 in
860 3724 917 3783 heo
930 3725 993 3783 sola
1006 3723 1108 3800 regula
1122 3721 1222 3780 conlisi

45 3830 123 3899 sunt,
145 3844 205 3884 non
226 3824 290 3884 dico
311 3825 425 3897 musici,
446 3825 497 3884 sed
511 3844 604 3900 neque
618 3827 752 3884 cantores
773 3841 926 3898 nunquam
950 3822 1022 3893 fieri,
1037 3820 1084 3881 uel
1108 3822 1222 3878 nostros

43 3923 211 4002 psalmistes
225 3924 367 3998 puerulos
382 3922 493 3982 imitari
507 3924 683 3998 potuerunt.
698 3926 742 3996 Ep
755 3943 764 3978 :
779 3921 824 3980 Duc
839 3938 945 3979 renone
960 3916 1068 3990 Gauro,
1084 3917 1218 3976 Michaeli

47 4023 125 4083 Mon.
147 4021 268 4080 directa.
514 4005 518 4013 ⁸

85 4117 136 4198 (2)
198 4117 378 4178 Musicorum
400 4123 430 4179 et
444 4122 597 4180 cantorum
611 4138 720 4196 magna
734 4127 779 4178 est
798 4115 955 4176 distantia:

238 4215 324 4276 Istic
345 4217 438 4290 dicut,
455 4217 499 4276 illi
518 4217 626 4289 sciunt,
649 4235 727 4293 quae
748 4215 898 4292 componit
917 4214 1028 4272 musica
1044 4235 1051 4285 3

237 4311 316 4374 Nam
332 4315 383 4391 qui
399 4315 471 4375 facit
491 4315 569 4392 quod
584 4332 643 4373 non
659 4315 747 4390 sepit,
763 4311 912 4371 diffinitur·
931 4313 1035 4372 bestie.

760 4408 840 4461 (cnm.
857 4406 914 4457 uer.
931 4405 996 4460 msa).
