3120 5136
522 413 635 468 GUIDO
654 413 813 470 ARETINO

79 559 158 620 Ordo
181 562 266 636 cujus
286 563 385 620 firmus
407 564 504 621 manet

79 659 141 718 Nec
161 661 297 719 mutatur
316 662 458 736 tempore.
520 723 521 726 ,

79 757 122 816 At
141 758 166 816 si
187 775 290 833 queres
311 776 403 833 quere
423 758 509 818 semis

81 854 147 914 Hoc
167 874 225 914 non
246 856 450 931 promeruerit,

79 952 243 1015 Minoratus
264 971 348 1014 nosce
369 972 455 1013 causa

79 1050 160 1111 Touo
180 1053 257 1110 huno
277 1051 459 1128 prepositum

79 1148 164 1219 Quod
185 1149 356 1225 plerumque
375 1150 438 1224 ipse
459 1150 551 1207 cernis

79 1247 114 1306 In
134 1247 238 1307 habitu
259 1248 422 1316 hominum,

80 1344 150 1403 Vox
170 1345 323 1428 modorum
346 1365 413 1404 cum
434 1346 473 1404 sit
494 1366 555 1404 una

79 1443 189 1503 Multas
209 1461 270 1503 esse
291 1443 427 1503 diximus.

79 1541 154 1612 Quia
173 1543 236 1602 loco
257 1544 450 1602 terminorum

79 1641 172 1700 Voces
193 1642 416 1718 appellavimus.

80 1739 153 1799 Cum
173 1741 212 1799 sit
232 1761 290 1800 une
311 1760 368 1800 vox
389 1740 510 1800 dicenda

80 1838 209 1915 Simplex
229 1839 301 1899 ordo
322 1841 450 1899 cantum.

29 2018 31 2022 y
78 1938 120 1998 At
139 1940 293 1998 succentus
313 1938 339 1997 si
358 1939 473 1997 intersit

78 2037 175 2096 Erunt
195 2037 252 2096 due
274 2036 383 2097 vocule.

80 2135 147 2195 Une
168 2137 257 2196 corde
278 2155 349 2197 usus
370 2138 457 2197 homo

79 2236 160 2296 Duas
179 2256 342 2314 numquam
362 2236 516 2312 percutiet.

79 2335 151 2394 lude
170 2355 231 2395 une
251 2355 365 2411 semper
385 2337 484 2394 menet

79 2426 199 2494 Cunctis
219 2454 276 2495 vox
296 2432 468 2493 terminibus

79 2532 169 2593 Totus
191 2552 260 2611 ergo
281 2535 378 2591 motus
399 2534 501 2590 centus

80 2631 131 2692 Fit
151 2651 312 2708 perunum
333 2632 488 2701 voculam3

79 2729 140 2800 Que
162 2730 273 2790 diverse
295 2729 367 2788 dum
388 2728 487 2798 incisa,

80 2827 238 2898 Qualitetis
259 2827 358 2887 fuerit.

79 2924 156 2984 Sunt
176 2925 290 2986 diversa
311 2926 439 2985 multum
461 2926 488 2984 ei

78 3023 163 3082 Locis
184 3025 296 3084 cunctis
316 3023 419 3100 spatia.

78 3120 188 3182 Vocem
209 3142 278 3200 ergo
301 3141 394 3194 nosce,
415 3126 525 3191 cantor,

79 3219 224 3281 Omnibus
246 3203 413 3280 flexibilem.

79 3318 137 3378 Oui
158 3323 259 3379 autem
280 3320 367 3378 nimis
388 3318 461 3379 dure

77 3419 180 3479 Manet
200 3418 246 3478 vel
268 3418 449 3491 mollissime,

80 3514 167 3576 Certa
187 3518 251 3576 loce
271 3518 463 3577 terminorum

79 3616 194 3692 Nequit
215 3615 272 3674 fari
292 3635 427 3692 congrue.

80 3715 142 3774 Nec
161 3717 208 3775 sat
228 3714 303 3774 dura
322 3733 415 3790 neque
435 3713 531 3772 mollis

78 3815 173 3874 Debet
194 3831 254 3872 esse
274 3812 386 3872 vocula.
475 3891 478 3897 .

78 3912 136 3973 Sed
157 3913 346 3988 directaque
368 3910 470 3986 equari

78 4012 176 4073 Possit
197 4031 261 4070 oum
283 4008 468 4070 terminibus.

77 4112 141 4172 Ista
161 4113 246 4170 tonos
267 4109 352 4169 dulce
373 4107 430 4167 ciet

78 4210 166 4270 Certa
187 4212 289 4277 tenens
309 4207 413 4285 spatia.

728 564 826 623 Tonas
847 582 916 642 ergo
939 585 955 623 a
976 564 1103 624 tonando

689 662 792 722 Traxit
812 664 868 722 hcc
888 664 1073 723 vocobulum.

691 758 765 829 (luia
786 762 892 835 motus,
912 779 981 820 cum
1001 761 1039 818 sit
1060 760 1171 838 plenus,

689 857 782 916 Nullo
802 858 866 935 egit
885 859 1045 918 commodo.

689 955 760 1015 lude
781 958 869 1014 tonus
890 955 961 1015 ordo
983 956 1084 1031 plenus

688 1053 862 1113 Harmonice
883 1054 1001 1113 dicitur.

689 1150 809 1211 Constat
829 1154 929 1211 autem
948 1153 1028 1212 vocis
1048 1172 1106 1212 une

690 1247 823 1318 Quatuor
843 1251 1027 1310 terminibus.

731 1346 869 1424 Quosque
890 1351 991 1425 protos
1012 1369 1046 1409 ec
1065 1352 1212 1411 tetrardos

690 1446 787 1506 Tritos
808 1451 896 1524 atque
918 1448 1054 1509 deuteros

565 1605 573 1622 ‚
684 1544 773 1604 'More
793 1565 879 1624 greco
901 1549 1085 1608 nominamus

687 1641 801 1712 Quibus
823 1649 925 1705 centus
945 1647 1082 1706 struitur.

690 1741 756 1800 Duo
778 1747 877 1801 autern
899 1745 1046 1820 adjectiva

691 1839 745 1898 His
765 1845 836 1900 sunt
855 1844 1024 1903 neccssaria.

686 1938 760 2008 Quia
780 1942 884 2014 tropus
905 1943 1108 2018 unusquisque

687 2024 784 2096 Habet
804 2037 863 2096 duo
883 2040 984 2099 latete.

692 2136 775 2196 Unus
795 2138 895 2197 subest
915 2140 1098 2217 superfertur

688 2235 764 2294 Vero
785 2237 845 2295 alte
866 2238 939 2296 alins

689 2332 854 2394 Subeuntes
874 2339 1081 2412 nuncupantur
1161 2342 1162 2345 ’

694 2433 789 2492 Modis
809 2435 895 2511 plage
916 2437 1060 2494 omnibns.

690 2531 869 2592 Excellentes
890 2536 942 2591 eut
964 2535 1077 2593 autenti

693 2629 824 2710 Singulis
845 2632 1027 2692 terminibus.

691 2729 813 2805 Hocque
834 2730 893 2788 duo
914 2732 960 2788 sat
980 2730 1038 2788 sint
1060 2732 1145 2806 grate

692 2826 835 2887 Omnibus
856 2828 887 2887 in
908 2827 1041 2887 cantibus
1056 2823 1112 2904 (1).

728 2925 847 2986 Primus
867 2928 958 2986 tonus
979 2925 1081 3000 quinto
1103 2926 1186 3001 ponit

688 3025 761 3084 leoco
784 3024 963 3095 differentia3

689 3123 748 3182 Ubi
768 3125 833 3200 ejus
854 3123 1021 3200 subjugalis

692 3222 760 3281 Non
780 3222 940 3299 distinguit
960 3222 1097 3282 earmina.

694 3320 770 3391 Quia
791 3322 917 3397 quisque
936 3339 1002 3380 sues
1022 3321 1078 3378 sibi

689 3420 761 3478 Jure
782 3421 862 3479 tenet
883 3419 1026 3497 proprias.

693 3516 833 3586 Quamvis
855 3521 954 3578 eutem
978 3536 1037 3576 uno
1059 3519 1120 3576 loco

690 3616 786 3692 Major
808 3618 904 3677 minor
924 3617 1015 3687 fieret,

687 3713 797 3773 Temen
818 3715 914 3773 minor
935 3733 994 3773 non
1015 3713 1127 3773 excedit

690 3810 750 3870 Sue
770 3813 833 3872 loca
854 3813 980 3892 singula.

691 3907 723 3968 Si
744 3911 873 3979 excedet,
895 3912 925 3970 in
946 3910 1065 3985 majoris

691 4008 798 4068 Veniet
819 4010 960 4083 potentie.

690 4106 787 4183 Major
808 4126 878 4166 vero
899 4126 952 4166 nec
972 4105 1081 4165 minori

694 4204 787 4263 Infert
806 4205 993 4280 violentiem3

123 4410 164 4480 (l)
184 4404 219 4461 Hi
238 4405 451 4479 quatuordeeim
469 4404 560 4460 ultimi
581 4420 677 4459 versus
695 4403 724 4458 in
744 4405 845 4460 (lodice
867 4402 1064 4459 vallicelliano
1094 4401 1264 4457 solummodo

78 4497 269 4574 reperiuntur.
