3120 5144
489 413 601 470 durno
621 414 782 471 ruarmo

97 560 140 626 Ut
163 558 288 625 nullius
313 561 404 624 vocis
427 580 526 623 sonus
549 559 637 624 idem
660 560 704 624 sit
727 561 763 625 in
787 559 904 625 altera.

97 665 241 730 Vocibus
265 675 374 730 tamen
399 665 435 733 in
457 673 581 751 septem
604 665 754 752 quaedam
777 676 827 731 est
849 664 1034 732 eoncordia.
1119 664 1121 668 ’

95 771 187 858 Saepe
210 774 309 856 enim,
334 774 362 836 si
385 794 451 837 non
475 795 613 858 semper,
637 772 754 838 eadem
776 773 958 859 antiphona

96 880 244 944 Diversis
268 888 423 945 cantatur
446 881 544 962 sonis,
569 901 630 944 nee
653 889 760 944 mutat
783 879 1000 945 harmoniam.

409 1112 617 1196 Desquatuor
636 1110 737 1175 modis
759 1133 869 1174 vocum

98 1307 220 1393 Nempe
244 1315 385 1391 quatuor
409 1314 485 1369 sunt
508 1305 596 1369 modi
619 1307 654 1370 in
678 1306 820 1390 septenis
844 1303 979 1386 voculis,

99 1413 219 1499 Magna
243 1436 323 1478 eura
347 1413 578 1498 cognoscendi:
604 1435 683 1498 quos
706 1412 898 1479 Graecorum
921 1413 1036 1498 regula

99 1519 243 1603 Protum‚
268 1518 450 1600 deuterum,
475 1521 600 1600 tritum,
626 1541 664 1583 ao
687 1519 870 1586 tetrardum
893 1521 1055 1585 nominat:

100 1626 215 1691 Protns
238 1627 373 1713 primus,
398 1626 613 1691 &secundus
637 1630 827 1692 nominatur
850 1627 1015 1694 deuterus.

100 1732 211 1796 Tritns
234 1733 351 1797 tertius
374 1741 522 1814 vocatur,
545 1743 682 1818 quartus
705 1756 783 1798 vero
806 1734 984 1800 tetrardus.

101 1837 288 1904 Ordinatim
312 1838 533 1925 disponuntur
557 1839 669 1905 taliter
691 1842 727 1905 in
751 1840 899 1907 vocibus.

267 2077 319 2139 De
348 2075 522 2140 Vicioitate
545 2096 655 2138 aarum
676 2096 736 2159 par
758 2084 899 2159 quatuor
922 2075 1028 2139 modos

100 2269 249 2355 Namque
273 2269 379 2355 prima
401 2291 468 2334 vox
491 2269 521 2330 &
544 2277 664 2355 quarta
686 2270 829 2355 primum
853 2268 986 2333 modum
1010 2267 1182 2352 exhibent3

101 2375 144 2440 At
167 2375 346 2441 secundam
369 2375 428 2441 dat
449 2376 605 2464 secunda,
629 2385 730 2462 atque
751 2376 867 2461 quinta
890 2376 1025 2462 pariter.

100 2483 213 2549 Tertia
237 2482 357 2548 collata
380 2491 481 2548 sextae
505 2504 591 2569 saepe
614 2491 728 2547 cantat
751 2481 884 2561 eadem,

101 2592 264 2673 Quartum
287 2590 422 2656 modum
447 2590 498 2655 his
521 2590 674 2674 adiungit
697 2590 873 2674 singularis
899 2592 1048 2677 septima,

94 2697 178 2778 Quae
202 2707 314 2764 tamen
338 2698 373 2763 in
396 2696 556 2761 elevando
580 2705 676 2762 sonat
699 2698 786 2760 sieut
809 2698 917 2779 terti-a,

98 2804 338 2869 Descendendo
361 2803 425 2869 sibi
449 2813 602 2891 quartam
625 2801 778 2889 perhibet
801 2802 1016 2870 sororculam.

277 3038 328 3101 De
351 3035 561 3100 similitudine
589 3036 674 3100 vocis
692 3035 810 3122 primoe
833 3033 863 3094 &
886 3033 1007 3119 quintae

100 3233 159 3297 Est
182 3239 342 3317 praeterea
365 3252 440 3296 oum
464 3232 573 3318 prima
595 3227 694 3294 valde
717 3230 836 3316 quinta
859 3227 988 3312 similis,

101 3338 166 3406 Sed
189 3340 224 3402 in
248 3336 439 3424 deponendo
462 3345 609 3420 tantum3
632 3358 776 3422 namque
799 3336 827 3399 si
850 3337 1019 3401 notaveris

102 3445 284 3512 Semitonia
307 3443 337 3503 &
361 3453 463 3526 tonos,
487 3443 558 3525 hoo,
581 3451 619 3506 ut
642 3440 749 3525 audis,
773 3439 909 3524 videris.

101 3552 248 3638 Reliquae
272 3550 338 3614 iam
362 3571 439 3615 vero
461 3571 558 3614 voees
582 3547 645 3614 sibi
669 3547 767 3613 valde
791 3546 963 3630 dissident,

103 3659 203 3725 Suam
227 3678 365 3744 quaeque
389 3656 470 3722 facit
493 3678 648 3721 neumam
671 3654 769 3718 alteri
794 3652 985 3719 dissimilem

101 3767 215 3852 Neque
238 3787 305 3829 suae
329 3763 415 3829 sedis
437 3762 546 3828 locum
570 3763 628 3826 dat
650 3784 776 3826 neumae
800 3769 976 3826 extraneae.

254 3997 336 4060 Item
359 3995 396 4060 de
418 4004 559 4081 quatuor
584 3993 685 4079 tropis
708 3993 743 4056 io
767 3978 834 4057 octo
858 3990 1035 4077 dispertitis

77 4190 194 4255 'Aure
217 4200 329 4255 tamen
353 4191 493 4273 curiosa,
518 4188 616 4255 valde
640 4189 703 4252 erit
718 4186 827 4272 utile,¹

102 4299 139 4364 Si
161 4297 315 4362 advertas
338 4298 368 4358 &
391 4318 578 4382 cognoscas,
603 4295 775 4362 harmonia
799 4293 943 4380 qualiter

101 4404 252 4485 Quatuor
275 4415 414 4469 canatur
436 4403 543 4469 modis
566 4402 803 4470 transformata
827 4401 932 4466 facie:

125 4545 195 4593 tw.-
202 4544 305 4604 Buram,
317 4546 396 4594 antro
404 4547 513 4596 aaaron.
