3120 5144
608 410 609 413 ’
721 401 834 471 GUIDO
854 403 1013 459 ARETINO

848 756 889 816 IX

274 952 857 1060 ΕΞΞ-ιτ

356 1124 456 1186 Gloria
485 1126 650 1185 seculorum
772 1146 864 1187 amen.
968 1126 1126 1186 Benedicta
1208 1130 1252 1186 tu.

277 1279 349 1340 llcce
369 1299 420 1339 rex
440 1279 529 1340 venit.
887 1281 962 1340 Oves
984 1299 1047 1339 mee
1067 1298 1177 1340 vocem.

278 1380 372 1457 Super
392 1383 422 1440 te
442 1381 613 1441 Jerusalem.
887 1380 985 1440 Multa
1005 1382 1093 1441 bona.

277 1480 335 1551 Qui
355 1482 422 1556 post
442 1498 488 1538 me
508 1481 596 1539 venit.
891 1479 1051 1539 Desiderio.

277 1580 323 1639 Da
344 1578 513 1638 mercedem.
890 1578 959 1637 Non
979 1579 1107 1640 haberes.

278 1680 356 1739 Ante
377 1679 507 1761 chorum.
887 1677 1046 1738 Exortatus
1068 1698 1106 1739 ee.

277 1776 421 1838 Jndicasti
442 1775 568 1836 domine.
891 1776 1122 1838 Confundantur.

279 1876 310 1936 si
332 1876 396 1952 quis
416 1875 490 1934 sitit.
887 1875 1009 1935 Elevata
1029 1880 1082 1937 est.

278 1974 404 2050 Tempus
424 1991 533 2032 meum.
889 1972 1019 2032 Posuisti
1039 1975 1164 2034 domine.

278 2073 455 2132 Potestetem
478 2071 580 2131 habeo.
890 2071 947 2130 Hic
967 2072 1099 2149 accipiet.

317 2226 376 2286 Iste
397 2225 452 2286 due
472 2215 634 2285 differentia
654 2225 799 2300 querunt
819 2225 850 2284 in
871 2225 955 2283 finem
977 2225 1065 2302 hujus
1086 2227 1177 2299 modi,
1197 2226 1289 2304 ipsius
1309 2230 1383 2288 sunt
1398 2248 1464 2288 oum

277 2325 416 2387 subiectis
447 2323 623 2400 antiphonis,
652 2323 702 2383 sed
729 2323 833 2384 vitiose
860 2324 999 2384 hactenus
1027 2324 1104 2385 dicte
1131 2328 1201 2385 sunt
1231 2329 1355 2403 propter
1387 2348 1464 2388 erro·

278 2446 342 2485 rem
362 2424 427 2483 finis
447 2423 675 2498 antiphonarum
702 2423 734 2481 in
757 2426 863 2498 quarto
887 2426 967 2497 tono,
989 2443 1065 2483 nnnc
1085 2427 1184 2484 antem
1208 2425 1248 2484 sic
1268 2444 1374 2486 eorum
1401 2427 1465 2486 finis

279 2522 419 2584 dicendus
439 2525 499 2593 est;
1247 2511 1253 2521 ⁸

400 2847 454 2905 Dei
596 2845 723 2924 genitrix
845 2846 989 2906 intercede
1150 2865 1203 2925 pro
1305 2867 1344 2907 no

278 3009 789 3129 Ξςζ
725 2999 1470 3129 3033}

844 3170 897 3229 bis.

755 3477 786 3516 IN
806 3476 987 3517 IN'l'BOITlBUS

862 3620 878 3680 Ι

280 3821 669 3964 332-*335-
599 3742 1468 3965 “Ξ““””““ὲ”“-

343 3983 443 4045 Gloria
543 3984 708 4043 seculorum
848 4003 942 4043 amen
1074 3982 1256 4045 Pnert
1204 3987 1256 4045 net
1256 4004 1293 4051 us
1315 3989 1392 4077 θεὴ,

283 4137 369 4200 Oculi
388 4137 447 4196 mei
466 4153 588 4213 semper.
894 4138 1014 4214 Respice
1035 4137 1160 4198 domine.

283 4237 370 4314 Aque
390 4235 541 4312 sapientie.
892 4236 1034 4297 Judieant
1054 4237 1157 4298 sancti.

282 4335 388 4396 Venite
407 4334 562 4395 benedicti.
893 4333 998 4413 Populi
1019 4335 1098 4397 Sion.

286 4435 330 4494 Ne
350 4433 462 4493 timeas.
893 4434 972 4494 Deus
993 4435 1024 4496 in
1046 4435 1108 4494 loco
1130 4436 1231 4495 sancto
1252 4453 1317 4498 sno.
