3120 5144
302 394 354 448 440
748 391 861 447 GUIDO
880 389 1040 445 ARETINO

344 540 489 611 Quoniam
510 559 578 600 vero
600 542 720 615 protum
740 538 771 597 in
793 537 919 598 secunde
939 541 969 598 ot
990 539 1075 597 sexto
1088 538 1215 598 diximus
1235 555 1296 598 esso
1317 557 1388 599 voce
1409 539 1488 599 diffo-

303 642 425 711 rentem,
441 642 539 700 tamen
560 640 639 699 libet·
648 638 831 714 antiphonas,
853 656 922 697 cum
942 636 1069 713 propriis
1091 637 1235 710 formulis,
1257 637 1367 697 iterum
1387 638 1419 697 in
1440 659 1490 697 au·

304 742 420 800 tontum
441 741 562 815 protum
582 736 711 798 intexere
726 755 772 797 ess
786 736 980 809 solummodo,
995 755 1053 812 quo
1067 736 1183 813 penitus
1197 738 1335 796 motuum
1349 736 1490 814 positione

304 839 443 898 recedunt
458 840 571 915 oproto
582 839 647 915 jorn
661 836 795 913 superius
809 837 911 895 relato.
926 835 987 894 Nec
1000 836 1138 895 videntur
1150 835 1323 907 absurdum,
1339 836 1364 894 si
1386 854 1489 912 parum

306 938 467 1013 permutari
488 937 626 997 videatur
646 956 663 995 a
684 935 784 1011 priori.
805 933 898 1004 Quem
912 934 964 1010 qui
985 935 1075 1010 cupit,
1097 934 1237 1011 accipiat3
1259 934 1311 1010 qui
1325 936 1425 994 autem
1440 953 1488 993 no·

304 1036 393 1096 luerit
421 1037 518 1095 minus
548 1035 750 1111 compellitur:
779 1032 890 1093 invidia
917 1032 1103 1093 solummodo
1123 1051 1159 1092 ne
1180 1034 1269 1111 agat:
1297 1036 1403 1093 utatur
1424 1053 1486 1092 vero

306 1154 394 1212 quem
414 1135 505 1195 libens
526 1132 682 1211 exceperit.

484 1267 607 1328 Diverso
627 1285 750 1327 numero
771 1267 862 1341 pollet
882 1284 941 1324 non
962 1265 1079 1325 nomine
1098 1267 1217 1327 tontum

486 1366 543 1427 Hic
563 1368 679 1443 protus3
702 1367 834 1442 proprias
855 1367 1012 1441 conceptus
1032 1366 1139 1425 hebere
1160 1367 1270 1452 figures

486 1465 563 1536 Quas
583 1483 636 1524 nec
657 1449 774 1524 miscuit
794 1466 916 1524 autento
938 1465 1034 1542 prima
1054 1465 1156 1525 ordine
1175 1467 1242 1527 fixo.

487 1562 635 1623 Consimili
657 1582 736 1635 voco,
759 1562 902 1622 discordet
922 1564 1001 1621 recto
1021 1565 1130 1623 tenore.

848 1887 1015 1947 seculorum
1317 1909 1411 1951 amen.

727 2019 789 2080 lter
808 2024 893 2082 natos
913 2023 1082 2084 mulierum.

304 2141 944 2322 ᾗτε-ψ
1213 2236 1483 2316 -.-,,

307 2335 412 2345 ,...-.-.,,
625 2337 980 2346 ——.-.--—--.-.-—-——-
1355 2343 1483 2352 w·-

408 2387 508 2448 Gloriu
590 2388 754 2448 seculorum
896 2411 988 2452 amen.
1152 2393 1224 2454 Cum
1292 2396 1477 2458 induceretur.

687 2525 846 2586 Consilium
868 2528 1009 2588 fecerunt.

685 2627 822 2687 Exeltntu
843 2647 872 2688 es
892 2631 1030 2706 gloriosa.

308 2890 998 3012 Gloriam
698 2953 861 3013 seculorum

421 3293 425 3302 ’
490 3274 586 3334 Hodie
741 3301 743 3306 ·
816 3274 929 3335 cristus
1169 3280 1258 3337 natus
1388 3282 1431 3339 est
1448 3275 1484 3356 (1)

349 3421 433 3492 Quod
453 3421 478 3482 si
498 3423 570 3482 istos
591 3423 650 3481 tres
671 3420 849 3481 differentius
870 3420 997 3479 nolueris
1012 3421 1052 3481 sio
1066 3421 1203 3495 cecinero,
1219 3424 1352 3500 exemplo
1373 3425 1484 3485 retrolu-

309 3525 409 3583 torum
429 3521 524 3582 dicere
545 3523 637 3598 potes,
658 3520 789 3597 nihilque
811 3523 904 3580 nocet.

782 3755 813 3796 IN
834 3755 1021 3798 mosomus

409 4215 509 4276 Gloria
636 4218 802 4277 soculorum
942 4237 1037 4277 amen
1119 4217 1268 4296 Memento
1373 4221 1468 4280 nostri

345 4437 386 4509 (1)
405 4436 456 4492 Hae
468 4441 590 4510 quatuor
607 4436 713 4495 ultimee
726 4436 826 4510 figurae
839 4455 903 4494 cum
916 4436 1000 4508 clavi,
1018 4438 1067 4494 sed
1086 4437 1167 4504 falso,
1182 4439 1213 4492 in
1231 4437 1330 4494 codice
1350 4444 1482 4496 notantur.
