3120 5144
503 389 614 444 GUlDO
633 390 791 445 ARETINO

626 664 670 722 Ill

54 845 564 854 ›—-—-.-—..—-—-—-.-—-—
568 846 850 854 ————.----—
854 847 1242 857 ——--.----.-..——

54 868 1243 976 ΞέἷᾌΞῗ-Γ--ΞΓ-ΕᾟΞ

800 953 870 960 -—
928 955 1135 964 ——-——-
1138 957 1243 965 --—-—

239 1005 338 1065 Gloria
517 1006 682 1065 soculorum
795 1072 797 1076 .
831 1025 929 1065 umen.

56 1149 258 1208 Reminisoere.
669 1148 869 1209 Misericordia
889 1150 1016 1209 Domini.

57 1247 225 1307 Resurrexi.
669 1248 704 1307 In
725 1250 875 1308 volontate
898 1251 980 1308 tua·

97 1369 135 1429 Et
155 1371 261 1446 reliqui
283 1370 320 1430 ad
340 1371 472 1431 eumdom
493 1372 612 1431 modum
634 1371 837 1448 incipientium
859 1387 910 1430 sep

503 1615 534 1654 IN
556 1614 793 1655 COMMUNIONIBUS

716 1779 1043 1788 —-.-..————-——--..
1047 1781 1244 1789 ———-——-—-..

116 1886 641 1895 --——----———-—--——..--—.

158 1965 258 2026 Gloria
525 1968 690 2027 seculorum
996 1987 1093 2026 amen.

59 2118 168 2178 Exulta
189 2118 260 2178 satis
283 2119 349 2178 filie.
672 2119 767 2179 Semel
785 2121 896 2196 juravi.

59 2218 170 2295 Magna
191 2220 235 2277 est
257 2218 353 2294 gloria
374 2222 446 2296 ejus.
673 2219 808 2278 Dilexisti
826 2220 988 2295 justitiam.

60 2316 198 2374 Vidimus
218 2317 342 2375 stellam.
674 2317 731 2374 Per
752 2316 867 2393 signum
890 2318 991 2377 crucia

61 2416 156 2474 Tanto
178 2416 319 2489 tompore.
674 2414 786 2473 Incline
804 2433 915 2488 aurem.

61 2513 131 2572 Feci
149 2511 302 2587 judicium.
673 2513 781 2572 Tollite
801 2513 912 2573 hostias

64 2610 235 2685 Acceptabis
256 2610 441 2670 sacrificium.
675 2612 823 2671 Memento
845 2613 928 2672 verbi
950 2615 996 2673 tui

63 2710 226 2769 Jerusalem
245 2729 301 2785 que
322 2710 482 2771 edificatur.
672 2711 875 2771 Benedioimus
896 2711 1048 2772 dominum
1070 2713 1133 2772 oeli.

63 2807 110 2866 Ab
132 2807 253 2866 occultis
275 2809 354 2866 meis,
673 2810 761 2869 Pater
783 2830 851 2870 oum
872 2830 962 2871 essem
983 2830 1050 2871 cum
1073 2810 1122 2872 eia.

481 2935 526 3023 R).
548 2947 635 3005 Petro
656 2963 736 3005 amas
758 2966 804 3004 me

483 3025 520 3110 il.
542 3043 651 3120 Symon
673 3045 804 3104 Joannis.

60 3177 1250 3307 ῖὶΞ-ΠΞῊΕΞΞ

616 3297 1250 3308 -ἣ--α--ῌ--ι--η--ι

225 3348 324 3408 Gloria
465 3350 543 3424 patri
684 3352 713 3407 et
815 3349 874 3408 filio
1015 3361 1045 3411 et

896 3603 1248 3612 --—.-——-———.—-

382 3657 480 3712 sanoto
561 3654 636 3712 sicut
696 3659 759 3712 eret
840 3654 870 3713 in
972 3653 1115 3730 principio
1198 3659 1228 3713 et

782 3943 788 3955 1

444 3962 472 4018 et
589 3978 702 4035 semper
724 3962 752 4018 et
832 3960 863 4017 in
977 3958 1074 4016 secula

517 4267 681 4325 seculorum
705 4286 798 4325 amen.

496 4446 603 4478 estcl‘r
619 4445 702 4478 Pullus
716 4445 819 4479 »aarum
