3120 5144
526 408 639 464 aureo
658 406 803 463 laurae
862 468 872 490 ‚

66 554 230 614 Jerusalem
249 553 355 632 gaude.
490 582 493 587 >
676 554 712 613 In
732 572 802 631 paee
822 553 917 614 faetus
939 556 993 614 est.

64 652 108 710 De
128 651 188 711 uelo
209 652 317 712 veniet.
680 651 714 710 111
736 651 868 712 Gallilaa.

65 750 246 828 Magnifioat
675 749 740 811 (lito
761 753 871 810 euntes.

64 849 176 909 Afferte
197 850 331 909 Domino.
673 849 768 909 Maria
789 849 897 910 stabat.
1017 927 1019 931 y

64 947 315 1032 Redemptionem.
675 937 767 1008 ¹Venit
787 949 892 1008 Maria.

64 1047 243 1108 Mirifioavit.
674 1048 788 1132 Helena
808 1053 919 1110 saneta.

65 1146 132 1206 Non
153 1148 223 1205 sunt
243 1146 366 1223 loquele.
677 1146 876 1208 Sebastianus.

65 1243 122 1314 Qui
142 1263 189 1304 me
209 1245 346 1322 dignatus
368 1248 421 1305 est.
674 1245 759 1305 Dixit
779 1245 936 1306 Romanus.

65 1344 113 1404 Ad
134 1347 165 1405 t'e
185 1345 220 1405 de
240 1346 312 1404 luee.
675 1345 849 1406 Valerianus
871 1347 900 1406 in
921 1346 1000 1408 aubi.

64 1443 138 1504 ane
159 1444 349 1504 ascendimus.
674 1445 889 1523 Interrogatus.

65 1541 156 1602 Lueia
176 1543 271 1620 virgo.
674 1542 822 1602 Martinus
844 1544 947 1604 adhue.

66 1642 128 1720 Ego
150 1642 262 1719 rogari.
673 1641 801 1702 Martine
821 1643 888 1703 misi
910 1661 972 1703 nos.

66 1740 181 1812 Venite,
203 1740 348 1801 benediea.
675 1741 769 1801 Beata
790 1741 897 1802 Oeeilia

67 1839 136 1898 Non
156 1839 225 1899 totis
246 1841 392 1902 manibus.
676 1841 715 1900 rt
736 1842 815 1900 erexi
835 1841 937 1902 Jacob.
1065 1868 1067 1871 ·

68 1937 182 1998 Statuit
203 1957 245 1998 ea.
674 1939 848 2017 Erurnpant
862 1944 984 2003 montes

69 2038 147 2097 Dum
167 2037 335 2098 tribularer.

107 2172 184 2232 Sunt
203 2157 321 2249 quidam
344 2173 394 2250 qui
413 2145 449 2233 ex
470 2173 738 2251 principioharum
760 2175 988 2269 antiphonarum
1009 2175 1097 2235 eliam
1111 2174 1248 2254 colligere

65 2270 204 2331 nituntur
225 2272 418 2332 differentiam
439 2272 489 2332 sed
510 2271 647 2333 heumihi
663 2271 809 2332 inutiliter
832 2273 895 2333 fore
908 2272 1038 2334 videtur:
1053 2272 1131 2334 Sunt
1145 2276 1246 2334 autem

66 2371 104 2431 he
125 2373 155 2431 et
175 2372 227 2431 hee
248 2391 351 2432 earum
371 2372 541 2432 differentia.

247 2947 347 3008 Gloria
497 2949 661 3009 seculorum

65 3084 239 3144 Jerusalem.
678 3084 735 3144 Pro
757 3083 863 3143 timore
883 3086 991 3144 autem.

66 3183 139 3242 Eleae
160 3181 322 3260 apparebit.
677 3182 708 3242 si
729 3181 906 3242 manseritis

65 3280 138 3339 Eece
158 3279 258 3338 mitto.¹
678 3279 708 3338 Si
730 3279 951 3357 cognovisoeris.

66 3377 176 3454 Joseph
196 3377 239 3436 fili
259 3376 363 3437 David.
679 3377 815 3455 Philippa
838 3376 993 3454 quomodo.

67 3475 192 3553 Lapides
212 3478 366 3536 torrentes
561 3491 574 3554 ζ(
595 3484 597 3487 ’
679 3476 808 3554 Agatha.

68 3573 184 3634 Christo
206 3573 346 3649 quotidie.
552 3562 565 3571 ”
677 3576 740 3654 Ego
761 3575 916 3635 veritatem
938 3574 1011 3635 dieo.

67 3672 150 3732 Vade
170 3671 288 3731 Anania
612 3680 615 3689 '
678 3674 811 3734 Ascendo
834 3674 872 3734 ad
891 3677 1015 3751 patrem.

67 3771 187 3832 duravit
207 3771 360 3831 Dominus
677 3773 811 3833 Audistis
826 3764 902 3850 ¹quia
924 3771 1048 3834 dictum.

66 3871 150 3932 Dixit
169 3870 253 3948 pater
273 3871 409 3930 familias.
676 3873 759 3933 Dixit
779 3872 923 3933 Dominus
944 3875 982 3934 ad
1002 3875 1153 3935 cultorem.

108 4003 143 4063 In
163 4004 250 4064 finem
271 4003 433 4078 discordat;
455 4025 521 4066 eum
542 4008 618 4067 enim
634 4007 673 4068 sit
687 4007 792 4072 existo
813 4009 892 4081 tono,
914 4008 1035 4084 quidam
1056 4028 1121 4068 eam
1142 4007 1249 4069 finiunt

68 4103 185 4177 quarto,
206 4101 256 4160 sed
277 4101 317 4161 sie
337 4104 443 4163 melius
463 4104 580 4181 prolata
599 4107 693 4165 sonat.

66 4235 1253 4401 ξέῗῇὲᾖ-ἐξὲῇ

259 4425 301 4485 Ut
401 4427 471 4502 quid
573 4427 661 4488 etiem
762 4431 869 4488 terram
1016 4431 1149 4508 occupat.
