3120 5144
303 380 356 434 418
741 381 855 437 GUIDO
874 383 1036 439 Aauulrvo

302 527 428 590 tonium
441 525 600 611 sequitur,
613 524 654 589 de
670 534 763 610 proto
777 528 897 591 transit
912 529 947 590 in
964 526 1151 610 deuterum,
1168 531 1194 593 si
1212 539 1324 595 autem
1340 531 1483 595 duorum

302 630 357 697 vel
380 631 595 718 plurimorum
618 631 788 696 modorum
813 655 914 697 unam
936 655 1052 698 vocem
1076 657 1147 699 esse
1179 636 1287 719 liceat,
1311 636 1484 702 videbitur

302 739 373 804 haec
396 761 449 802 ars
473 737 561 815 nullo
584 738 649 802 fine
674 738 837 825 concludi,
860 739 959 804 nullis
990 744 1089 806 certis
1123 745 1272 808 terminis
1303 747 1482 810 coarctari.

302 845 398 926 Quod
412 868 511 931 quam
527 847 569 910 sit
583 844 775 931 absurdum,
790 846 900 911 nullus
917 849 1058 932 ignorat,
1076 873 1151 913 oum
1170 872 1299 936 semper
1316 852 1481 937 sapientia

303 954 439 1019 confusa
455 974 591 1040 quaeque
615 959 643 1016 lt
667 952 798 1017 infinita
816 963 932 1039 sponte
952 957 1114 1041 repudiet.
1132 956 1270 1036 Quodsi
1289 959 1482 1044 quisdicat,

301 1060 387 1125 hane
402 1082 515 1125 vocem
530 1059 604 1124 idco
619 1081 689 1123 esse
713 1058 913 1144 addendam,
937 1072 976 1125 ut
991 1064 1104 1145 gravis
1126 1065 1167 1127 F.
1191 1074 1287 1129 sexta
1311 1087 1416 1150 usque
1439 1066 1480 1129 ad

301 1175 552 1253 superquartam
564 1188 665 1251 supra
680 1165 800 1231 lineam
818 1166 861 1230 ad
877 1191 908 1230 a.
925 1190 984 1254 per
1000 1169 1155 1254 diapente
1171 1172 1272 1255 possit
1288 1172 1478 1254 ascendere,

301 1283 358 1339 aut
382 1273 496 1338 eadem
520 1282 614 1337 sexta
637 1272 680 1336 ad
704 1271 917 1359 subquintam
941 1274 1150 1359 descendere,
1171 1277 1252 1341 illud
1276 1300 1408 1363 quoque
1425 1278 1481 1342 de-

300 1380 393 1446 bebit
412 1382 568 1466 recipere,
586 1390 621 1443 ut
637 1381 723 1444 inter
740 1389 871 1444 sextam
891 1383 931 1445 F.
949 1382 976 1445 ds
996 1385 1169 1467 septimam
1188 1381 1228 1449 G.
1248 1385 1313 1448 alia
1337 1408 1406 1449 vox
1425 1385 1479 1448 ad·

302 1487 409 1570 datur,
432 1498 470 1554 ut
494 1485 655 1551 naturalis
679 1484 823 1550 secunda
846 1487 958 1572 gravis
983 1489 1024 1551 B.
1056 1488 1204 1554 elevetur
1239 1491 1282 1554 ad
1317 1492 1479 1576 quintam,

214 1668 217 1674 ¹
299 1597 329 1659 ds
353 1594 466 1659 eadem
491 1603 590 1657 acuta
613 1593 794 1678 deponatur
818 1592 861 1656 ad
886 1603 1048 1678 quartam.
1073 1594 1169 1674 Quod
1199 1599 1278 1682 quia
1302 1620 1322 1660 a
1347 1600 1477 1662 nemine

299 1701 503 1782 estfactum,
528 1698 589 1764 hoc
604 1721 733 1785 quoque
756 1721 777 1762 a
799 1700 929 1764 nemine
952 1708 1002 1765 est
1025 1700 1224 1767 faciendum.

344 1810 462 1892 Igitur,
478 1809 564 1871 sicut
583 1829 626 1870 ex
642 1807 714 1891 ipsa
730 1814 931 1871 monstratur
945 1818 1075 1890 natura,
1095 1810 1123 1873 dr
1141 1833 1200 1895 per
1220 1811 1260 1873 Β.
1278 1809 1476 1895 Gregorium

301 1917 416 1983 divina
438 1922 638 2001 protestatur
661 1914 851 1997 auctoritas,
875 1923 998 2000 septem
1019 1924 1095 1979 sunt
1112 1937 1217 1998 voees,
1243 1916 1329 1980 sicut
1353 1917 1382 1980 dr
1406 1940 1479 2002 sep-

300 2031 367 2088 tem
390 2022 478 2102 dies3
502 2019 590 2084 unde
614 2019 934 2104 &prudentissimus
953 2030 1126 2106 poctarum
1149 2032 1264 2107 septem
1289 2025 1413 2087 cecinit
1432 2025 1479 2087 di·

299 2130 452 2194 scriptino
476 2127 933 2211 vocum5quamsententiam
956 2127 1069 2214 &ipsi
1094 2127 1280 2215 philosophi
1304 2131 1380 2214 pari
1404 2152 1479 2194 con·

299 2236 413 2301 cordia
424 2235 650 2299 firmaverunt.
662 2234 795 2298 Interea
811 2234 996 2299 curandum
1009 2244 1068 2318 est,
1081 2244 1118 2303 ut
1137 2236 1261 2299 sciatur
1274 2235 1315 2299 de
1331 2237 1478 2321 qualibet

298 2365 428 2424 neuma,
449 2343 483 2406 in
502 2342 634 2427 quantis
654 2339 851 2426 &qualibus
874 2343 962 2406 sonis
979 2364 1049 2406 esse
1068 2344 1178 2428 possit,
1199 2341 1255 2405 vel
1273 2364 1340 2406 non
1365 2346 1477 2430 possit.

343 2451 455 2514 Potest
474 2450 561 2512 enim
583 2448 656 2511 fieri
680 2448 715 2511 in
739 2448 846 2529 tertio,
872 2457 904 2512 et
927 2450 962 2511 in
985 2456 1089 2531 sexto,
1113 2449 1141 2512 dr
1165 2451 1200 2512 in
1224 2451 1365 2535 septimo
1389 2474 1476 2534 sono,

216 2543 217 2546 ¹
298 2557 377 2641 quia
395 2555 429 2618 hi
454 2563 519 2618 tres
538 2555 610 2619 soni
629 2553 756 2618 duobus
775 2556 899 2634 pariter
917 2556 1004 2619 tonis
1022 2555 1216 2638 ascendunt,
1237 2556 1265 2619 dc
1290 2558 1365 2642 ipsa
1381 2581 1474 2644 sym-

298 2663 421 2750 phonia
445 2661 571 2726 duobus
594 2671 725 2726 tantum
748 2661 786 2724 fit
809 2661 924 2727 modis.

342 2770 507 2834 Praeterea
530 2770 669 2854 septima
693 2790 758 2832 vox
789 2791 865 2832 cum
887 2771 988 2833 tertia
1011 2771 1046 2833 in
1066 2769 1250 2835 elevatione
1280 2773 1473 2854 coneordat3

297 2889 437 2964 utraque
460 2880 549 2941 enim
569 2876 695 2942 duobus
719 2879 803 2941 tonis
827 2877 855 2940 dr
878 2879 1059 2961 semitonio,
1080 2887 1112 2941 et
1136 2880 1214 2942 item
1239 2878 1369 2944 duobus
1393 2882 1473 2945 tonis

297 2987 479 3050 elevantur.
503 2983 629 3048 Eadem
652 3005 779 3070 quoque
803 2985 942 3070 septima
968 3007 1043 3050 eum
1067 2995 1186 3070 quarta
1209 2987 1390 3052 concordat
1412 3010 1472 3052 uno

297 3105 374 3159 tono
387 3095 421 3157 in
435 3094 628 3175 elevatione,
652 3092 680 3155 dr
700 3094 734 3156 in
754 3091 955 3178 depositione
974 3101 1050 3157 tono
1063 3093 1090 3156 dr
1103 3095 1287 3177 semitonio,
1301 3104 1336 3158 et
1351 3094 1471 3162 duobus

296 3201 382 3265 tonis
407 3201 441 3263 in
466 3207 603 3283 utroque
627 3206 782 3263 cantatur
805 3197 965 3263 similiter.

341 3308 454 3371 Prima
477 3327 606 3391 quoque
629 3327 705 3369 cum
728 3306 844 3390 quinta
867 3326 978 3369 omues
1002 3305 1202 3391 depositivas
1227 3328 1367 3371 neumas
1391 3330 1472 3372 com·
1518 3350 1520 3356 ·

296 3414 441 3477 muniter
464 3411 562 3494 facit3
587 3411 763 3498 deponitur
786 3411 874 3474 enim
890 3410 1016 3475 duobus
1037 3413 1122 3475 tonis
1146 3412 1174 3475 ds
1197 3413 1384 3478 semitonio.
1408 3414 1470 3477 Ita·

295 3543 359 3606 que
382 3520 432 3585 hae
450 3541 547 3584 voces
571 3517 696 3596 similes
719 3517 847 3582 faciunt
870 3539 1016 3602 neumas,
1036 3519 1144 3604 prima
1163 3540 1238 3583 cum
1261 3530 1403 3604 quarta3
1426 3543 1471 3584 se·

295 3627 405 3691 cunda
428 3649 503 3691 cum
522 3627 657 3711 quinta3
680 3626 779 3689 tertia
807 3647 882 3688 cum
900 3634 1013 3706 sexta3
1038 3626 1178 3710 septima
1201 3647 1277 3690 cum
1296 3628 1406 3710 prima
1423 3625 1471 3691 vel

294 3756 371 3798 oum
393 3735 501 3798 tertia.
525 3731 627 3797 Nulla
646 3740 756 3796 autem
772 3753 839 3796 vox
858 3732 947 3796 ultra
965 3740 1106 3816 quatuor
1123 3733 1324 3797 elevationes
1349 3733 1404 3798 vel
1422 3734 1470 3798 de-

294 3840 472 3926 positiones
495 3838 605 3923 habet,
630 3840 709 3924 quia
731 3860 797 3902 non
827 3847 935 3924 potest
969 3840 1104 3921 gravari
1138 3837 1193 3902 vel
1228 3841 1316 3924 acui,
1340 3842 1402 3904 nisi
1431 3838 1470 3903 ad

294 3947 472 4012 secundam
491 3945 545 4011 vel
564 3947 705 4034 tertiam,
726 3946 779 4011 vel
799 3954 951 4032 quartam
967 3943 1022 4009 vel
1036 3947 1196 4031 quintam,
1216 3948 1400 4012 secundum
1415 3969 1470 4012 sex

294 4055 429 4140 species,
455 4076 544 4139 quas
560 4075 662 4139 supra
680 4053 762 4130 dixi,
787 4051 897 4134 idest,
922 4061 1007 4134 tono,
1028 4052 1212 4134 semitonio,
1229 4052 1355 4138 ditono,
1380 4057 1469 4120 semi·

294 4158 417 4241 ditono,
441 4158 648 4225 diatessaron
676 4159 711 4222 dr
727 4142 891 4244 diapente.
915 4158 1001 4224 Nam
1025 4179 1100 4223 cum
1123 4179 1189 4222 voa
1215 4159 1327 4244 aliqua
1352 4160 1396 4224 ad
1426 4182 1469 4224 se

292 4264 434 4330 cundam
466 4273 628 4349 movetur,
649 4274 711 4330 aut
741 4265 779 4329 iit
802 4274 889 4348 tono,
919 4273 978 4329 aut
1001 4264 1196 4347 semitoni03
1220 4286 1297 4330 cum
1329 4289 1409 4333 vero
1430 4266 1470 4332 ad

293 4372 436 4454 tertiam,
460 4371 572 4439 ditono
596 4370 879 4451 velgsemiditono.
902 4370 956 4437 Ad
980 4358 1133 4457 quartam
1152 4370 1207 4436 vel
1226 4373 1382 4457 quintam
1408 4395 1468 4439 non
