3120 5144
490 399 604 455 corno
622 399 784 456 suanno
1173 402 1227 459 405
1246 375 1248 384 ’

98 545 257 626 Quamvis
281 554 390 611 autem
416 546 554 632 quisque
577 555 711 610 cantum
735 556 889 633 personet
911 550 1110 632 memoriter,

97 651 1013 740 snmmmmmmmmfflmmmme

97 759 160 840 Qui
184 761 347 846 &quales
371 760 447 841 sint,
472 761 642 847 persentit,
666 759 713 825 nil
738 782 773 825 se
796 760 886 825 dicat
908 783 1034 849 sapere.

140 867 309 933 Hactenus
333 867 472 932 latentes
494 889 605 932 musas
628 868 664 931 ia
687 867 795 932 lucem
818 866 1044 954 produximus,

96 975 140 1038 Et
161 973 328 1039 benevolis
351 982 543 1058 praestantes
568 973 699 1038 invidos
720 973 926 1063 offendimus,

95 1081 147 1145 Ad
171 1080 328 1146 bonorem
352 1081 471 1145 summi
496 1081 570 1164 Dei,
595 1102 653 1167 per
676 1102 775 1166 quem
799 1103 921 1164 sumus,
945 1083 1101 1166 vivimus,

96 1189 374 1254 constitutionum
398 1188 519 1252 formas
542 1187 690 1252 breviter
714 1189 873 1274 aperiam.

96 1295 291 1380 Aliquorum
316 1297 362 1358 sic
385 1316 539 1360 sonorum
563 1297 754 1359 nominatur
777 1293 903 1382 copula,

96 1402 179 1469 Oum
202 1404 344 1468 intensio
368 1411 417 1466 est
440 1401 518 1486 sola,
543 1400 597 1467 vel
619 1412 735 1467 contra
758 1404 918 1484 remissio,

96 1511 144 1574 De
168 1508 296 1574 duobus
319 1510 382 1574 erit
405 1510 492 1573 sonis
516 1510 625 1594 prima
649 1510 849 1596 constitutio,

96 1617 136 1681 Et
160 1616 304 1681 secunda
328 1616 371 1680 sit
393 1615 433 1679 de
457 1613 573 1699 tribus,
598 1618 696 1680 tertia
720 1616 761 1679 de
784 1626 937 1702 quatuor.

94 1724 219 1805 Quarta
242 1745 319 1788 vero
342 1725 385 1787 sit
408 1723 448 1787 de
472 1724 588 1809 quinta
612 1722 749 1789 vocibus
772 1723 985 1810 quibuslibet,

94 1832 241 1911 Quarum
265 1831 373 1917 prima
396 1839 502 1896 exstat
526 1827 678 1915 simplex,
704 1829 894 1915 duplicatur
917 1830 1032 1897 altera.

95 1939 206 2003 Tertia
229 1939 407 2002 varietates
430 1947 572 2022 quatuor
596 1935 793 2001 inclamitat.

90 2045 219 2125 <Quarta
242 2052 314 2108 octo
338 2052 432 2108 sonat
456 2043 562 2108 nnodis
587 2043 739 2128 diapente
764 2045 924 2108 consonis.

93 2154 158 2218 Uni
183 2153 408 2217 constitutioni
433 2149 574 2215 modulis
597 2151 632 2215 in
657 2149 818 2233 omnibus,

91 2262 167 2325 Vox
190 2262 218 2324 si
242 2283 308 2324 una
331 2260 540 2344 adiungatur,
564 2259 654 2323 modi
677 2257 763 2322 fiunt
785 2258 933 2324 totidem.

94 2367 202 2432 Tollas
225 2389 319 2431 sonos
343 2367 370 2430 si
394 2366 564 2447 secundos,
589 2387 702 2429 rursus
726 2364 807 2429 fiont
832 2364 979 2429 totidem.

91 2471 863 2540 ὼωῶωὼῂοωωὴηπωωθκῶωη.

91 2581 176 2647 Nam
199 2589 229 2648 &
253 2580 357 2665 prima
382 2580 439 2644 dat
462 2578 650 2661 secundam,
675 2580 704 2639 &
727 2577 872 2644 secunda
895 2581 1038 2662 tertiam,

91 2686 240 2752 Tertiam
262 2687 342 2750 facit
366 2695 539 2772 quartam3
563 2684 632 2749 haec
655 2693 692 2748 ut
715 2694 877 2749 monstrat
900 2687 1024 2772 pagina
1041 2689 1101 2771 (l).

42 2875 316 2898 χ’...-

312 3040 327 3077 e
363 3022 481 3076 ode
536 3039 604 3077 ac
640 3022 958 3093 qcaG.FGG

83 3117 123 3185 (1)
144 3115 274 3167 Aouonr.
297 3113 390 3167 Victor
414 3111 564 3166 ascendens
583 3112 663 3166 calos
682 3111 755 3166 arada
773 3112 958 3170 descenderat.
976 3115 1051 3170 Ecce
1069 3120 1103 3170 ut
1120 3117 1158 3171 F.
1184 3116 1221 3170 ad

54 3205 81 3258 G.
98 3206 129 3267 ἃ
147 3223 174 3259 a.
193 3204 223 3258 in
241 3203 299 3258 fine
317 3198 507 3272 subsequitur.
526 3201 604 3255 Idem
623 3201 653 3254 in
672 3201 780 3274 plagali
808 3203 877 3260 trito
896 3189 1031 3262 invenies
1050 3212 1218 3278 usurpatum

50 3295 186 3363 videlicet,
204 3300 238 3350 ut
255 3293 292 3348 ad
311 3310 334 3362 c,
353 3293 382 3353 ὅ(
401 3293 426 3346 d.
446 3291 489 3348 ita
508 3294 524 3346 b
542 3291 731 3364 subsequatur
749 3293 825 3351 sicut
843 3296 879 3351 ad
902 3297 934 3352 G.
948 3298 978 3358 8(
992 3315 1018 3352 a.
1037 3295 1221 3368 subsequitur

47 3388 80 3441 E.
99 3387 153 3441 hoc
173 3385 273 3440 modo:

431 3500 523 3554 ede
609 3500 627 3553 d
664 3517 678 3555 c
714 3501 818 3555 dolat

314 3605 316 3607 ’
433 3605 447 3644 c
609 3606 623 3644 c
659 3606 674 3644 e
795 3607 810 3645 e

425 3679 519 3734 Venite
619 3678 657 3732 od
710 3695 825 3733 memus.

414 3768 546 3824 cccccc'
617 3770 638 3823 ἐ’
687 3766 828 3843 ‘'cebqle
