3120 5144
297 406 349 458 444
748 404 861 460 GUlDO
880 404 1040 460 ARDTINC

301 551 507 613 Consolamini.
913 553 1057 611 Dominus
1080 553 1231 626 tamquam
1253 551 1324 611 ovis.

300 651 491 728 Omnipotens
512 669 616 711 sermo.
912 650 1037 710 Oblatas
1058 655 1110 710 est.

301 750 325 810 Ο
346 752 491 827 sapientia
511 755 541 810 et
562 753 659 811 celeri.
911 750 1055 808 Tolerunt
1076 748 1194 826 lapides.

301 848 325 908 Ο
348 850 393 909 lex
415 870 467 926 per
486 850 618 926 Moysen.
739 848 740 851 ’
914 847 1048 907 Calicem.

300 947 370 1025 Spes
390 948 510 1006 Domini
914 945 1021 1004 Mihael
1043 945 1243 1023 Archangelus

300 1046 474 1106 Constantes
915 1044 943 1101 A
963 1048 1057 1120 porta.

242 1203 244 1205 ,
298 1147 377 1206 Deus
399 1165 416 1204 a
436 1145 559 1205 Libano.
913 1143 976 1219 Ego
997 1161 1063 1202 sum
1084 1144 1133 1218 qui
1156 1162 1229 1201 sum.

300 1247 409 1305 Levate
431 1246 538 1321 eapite.
914 1241 1036 1300 Crucem
1057 1245 1196 1301 sanatam.

299 1343 396 1414 Quem
417 1342 532 1403 vidistis
915 1339 998 1399 Vado
1020 1339 1057 1399 ad
1078 1359 1156 1398 eum.

300 1442 407 1502 Cenuit
428 1460 581 1518 puerpera.
913 1439 1034 1516 Rogabo
1056 1442 1180 1514 patrem.

297 1542 362 1600 Lux
383 1543 450 1601 orta
470 1543 523 1600 est.
626 1559 627 1563 ¹
909 1539 994 1598 Stans
1015 1539 1149 1615 alonge.

297 1641 376 1698 Ante
396 1639 562 1698 luciferum.
910 1637 1093 1714 Significavit
1112 1637 1200 1695 Deus.

298 1740 419 1799 Psellite
441 1739 568 1798 Domino
591 1741 700 1799 nostro.
912 1737 946 1795 In
967 1737 1083 1796 nomine
1104 1735 1307 1795 deso-Christi.

298 1837 390 1913 Cujus
411 1837 667 1914 pulchritudinem.
911 1835 1028 1894 Bonum
1050 1837 1204 1894 certamen.

297 1937 414 1996 Anoilla
435 1935 552 1996 Christi.
613 1926 614 1929 ¹
912 1932 973 1992 Vos
994 1935 1045 2010 qni
1065 1935 1158 1992 seouti
1182 1933 1261 1992 estis,

299 2034 474 2094 Benedictus
496 2054 535 2095 ee.
911 2032 1034 2092 Domine
1056 2051 1108 2091 rex
1128 2032 1322 2108 omnipotens,

299 2133 323 2193 Ο
344 2134 469 2192 Domine
489 2134 614 2194 salvum.
913 2132 1080 2192 Obeatum
1100 2131 1206 2189 virum.

296 2232 428 2292 Laudato
448 2232 619 2292 Dominum.
909 2233 1002 2309 Virgo
1024 2231 1160 2308 gloriosa.

297 2331 379 2391 Tune
400 2333 567 2407 assumpsit.
911 2330 1073 2390 Ambulans
1095 2330 1181 2388 Jesus

297 2429 466 2504 Assumpsit
487 2429 583 2487 Jesus.
910 2429 1065 2505 Templum
1085 2427 1205 2487 Domini
1224 2430 1358 2488 sanetum

299 2527 454 2603 Arguebat
475 2526 646 2588 Herodem..
914 2527 1038 2603 Lapides
1059 2527 1190 2602 pretiosi.
1253 2509 1256 2513 ⁷

298 2626 467 2685 Astiterunt
488 2626 582 2704 Reges
910 2626 945 2684 In
967 2644 1083 2685 omnem
1103 2628 1211 2685 terram

296 2724 455 2784 Benedicat
476 2738 527 2783 nos
606 2718 608 2721 ’
910 2725 944 2783 In
964 2725 1028 2801 lege
1049 2724 1178 2783 Domini.

295 2825 389 2884 Nemo
410 2825 442 2883 in
463 2843 529 2883 eum
910 2823 981 2882 Filii
1000 2824 1160 2883 hominum.

296 2924 441 2983 Dominus
461 2923 533 2982 deus
556 2922 724 2982 auxiliator.
907 2921 1106 2982 lnvooantem.

296 3022 421 3081 Fremea
441 3022 526 3081 fusoi.

182 3206 193 3227 ·
292 3163 1477 3307 ΞἾΞΞ-ῖὲᾗ

439 3323 541 3384 Gloria
649 3327 815 3386 seculorum
898 3345 990 3387 amen.
1044 3342 1046 3347 ’
1140 3326 1321 3388 innoeentes

755 3463 790 3520 In
809 3461 928 3536 spiritu.

752 3557 812 3618 Vos
833 3559 989 3617 ascendite.

754 3657 847 3717 Beata
866 3661 970 3717 mater.

768 3873 799 3913 IN
821 3872 1005 3914 INTROITIBUS

900 4017 1074 4024 ——--.-
1092 4015 1475 4026 --—-..--—.....—..-——

291 4019 545 4158 {5}ss-
560 4018 699 4095 ὼ*-
861 4125 895 4131 -
915 4054 984 4060 “
1093 4041 1475 4134 Ἦ

379 4177 479 4236 Gloria
621 4176 788 4234 seculorum
922 4195 1016 4235 amen.
1098 4176 1174 4236 Veni
1204 4260 1206 4264 λ
1236 4179 1265 4235 et
1361 4175 1472 4236 ostende

293 4321 434 4379 Dominus
455 4319 529 4378 dixit
549 4317 587 4377 ad
607 4339 663 4378 me.
908 4319 1033 4379 Vultum
1054 4323 1156 4381 tuum.

292 4420 335 4477 Dx
357 4437 406 4477 ore
427 4418 594 4476 infantium.
908 4418 980 4477 ane
1001 4417 1128 4478 advenit.
