3030 5138
501 435 614 492 GUIDO
633 434 793 491 Annuluo

529 811 681 878 CAPUT
713 812 762 876 VI

125 1030 170 1075 DE
194 1025 417 1075 mvlsIomnus
439 1026 552 1072 VOGUM
581 1027 624 1070 ΕΤ
648 1026 1021 1073 ΙΝΤΕΒΡΒΕΤΑΤῙΟΝΙΒΗθ
1046 1028 1162 1074 Eanum

103 1239 150 1304 Ut
169 1247 280 1302 autem
295 1237 335 1302 de
355 1237 515 1302 divisione
533 1235 743 1301 monochordi
763 1236 797 1300 in
816 1239 929 1322 paucis
948 1236 1053 1301 multa
1071 1240 1230 1325 perstrin-

64 1369 145 1430 gam,
171 1368 300 1431 semper
323 1346 491 1431 Diapason
508 1343 633 1408 duobus
649 1344 692 1408 ad
710 1343 808 1407 finem
824 1346 926 1429 aequis
946 1346 1049 1409 currit
1067 1345 1227 1431 passibus.

62 1453 222 1541 Diaponto
246 1452 361 1534 tribus,
388 1453 601 1516 Diatossaron
625 1461 776 1537 quatuor,
801 1460 897 1515 tonus
921 1474 998 1516 vero
1021 1473 1149 1536 novem,
1170 1455 1226 1539 qui
1277 1511 1286 1525 ,

62 1571 180 1649 quanto
200 1568 276 1625 sunt
291 1558 440 1645 passibus
458 1560 705 1640 numerosiores,
723 1567 814 1622 tanto
834 1567 909 1622 sunt
928 1561 1032 1643 spatio
1051 1559 1228 1626 breviores.

61 1670 152 1734 Alias
170 1689 250 1732 vero
274 1666 451 1737 divisiones
470 1673 590 1750 praeter
603 1664 663 1729 has
679 1673 820 1751 quatuor
835 1667 983 1730 inveniro
1006 1689 1072 1731 non
1096 1669 1228 1754 poteris.

60 1777 225 1862 Diapason
250 1783 359 1838 autem
396 1775 631 1858 interpretatur
663 1772 701 1834 do
731 1773 882 1856 omnibus,
909 1775 979 1837 siva
1001 1773 1089 1859 quod
1116 1797 1227 1840 omnes

60 1884 179 1950 habeat
202 1903 299 1970 voces
318 1881 378 1946 sub
398 1904 442 1964 so,
462 1882 531 1944 sivo
549 1881 824 1966 quia-antiquitus
841 1881 976 1945 citharas
993 1890 1065 1946 octo
1082 1905 1140 1968 per
1155 1905 1228 1946 eam

58 1989 472 2057 fiebantohordis.1nhao
490 1989 621 2074 quidem
640 1990 746 2075 speeie
758 1991 866 2075 prima
885 1990 913 2053 do
930 1992 1065 2076 gravior
1080 2014 1147 2056 vox
1164 1991 1228 2056 duo

59 2101 156 2166 habat
179 2101 295 2186 spatia,
320 2107 417 2163 acuta
439 2120 507 2162 vox
531 2120 642 2180 unum,
667 2105 704 2160 ut
723 2095 765 2160 ab
785 2096 816 2160 A
837 2097 880 2161 ad
903 2121 934 2161 α.
960 2099 1125 2184 Diapenta
1147 2098 1228 2163 dioi-

57 2219 108 2272 tur
132 2209 169 2272 de
193 2209 354 2294 quinque:
379 2214 455 2270 sunt
478 2206 566 2269 enim
589 2206 623 2267 in
646 2205 715 2270 eius
740 2205 845 2290 spatio
875 2226 974 2269 voees
1003 2206 1157 2292 quinque,
1191 2215 1228 2270 ut

58 2339 77 2380 a
98 2318 133 2380 D
156 2317 191 2380 in
213 2338 244 2379 a.
269 2313 334 2380 Sed
357 2313 467 2398 gravis
491 2313 561 2376 eius
584 2334 651 2376 vox
676 2312 739 2375 tria
761 2310 864 2376 habet
888 2313 1003 2398 spatia,
1029 2321 1127 2376 aouta
1150 2311 1226 2377 dun.

57 2424 270 2487 Diatessaron
293 2429 387 2485 sonat
409 2419 447 2483 de
469 2424 633 2504 quatuor,
656 2419 785 2483 nam&
814 2418 913 2484 habet
946 2428 1087 2505 quatuor
1119 2442 1225 2503 voees,

57 2530 238 2614 &gravior
262 2529 331 2592 eius
353 2549 421 2591 vox
446 2535 585 2612 quatuor
608 2524 708 2590 habet
731 2528 846 2613 spatia,
869 2535 968 2594 acuta
991 2548 1068 2591 vero
1091 2529 1166 2609 tria,
1190 2537 1227 2592 ut

57 2660 76 2700 a
97 2639 133 2702 D
152 2638 187 2699 in
214 2635 254 2700 G.
279 2634 349 2698 Has
373 2643 439 2698 tres
462 2634 584 2719 speeies
600 2631 821 2719 symphonias,
838 2634 873 2698 id
889 2641 947 2714 est,
970 2656 1087 2698 suavos
1106 2657 1225 2700 vocum

54 2742 277 2828 copulationes
297 2741 484 2805 memineris
500 2762 571 2804 asse
587 2748 731 2824 vocatas,
751 2741 829 2825 quia
848 2741 881 2803 in
906 2739 1062 2825 diapason
1088 2741 1225 2806 divorsas

54 2871 151 2914 voees
174 2870 277 2913 unum
300 2857 425 2915 sonant.
450 2847 615 2932 Diaponta
638 2869 717 2912 varo
740 2847 1006 2918 &Diatassaron
1031 2847 1224 2933 diaphonias,
1314 2884 1316 2887 ·

50 2957 86 3020 id
110 2964 170 3037 est,
194 2956 311 3044 organi
334 2954 407 3019 iura
431 2954 609 3039 possident,
634 2953 661 3018 do
685 2976 781 3018 voces
805 2961 983 3040 utcumque
1007 2954 1129 3018 similas
1152 2954 1224 3019 rad·

52 3063 145 3128 dunt.
166 3062 278 3126 Tonus
297 3069 409 3125 autem
425 3059 466 3124 ab
489 3060 679 3142 intonando,
704 3060 737 3124 id
757 3070 815 3141 est,
833 3085 854 3124 a
871 3061 1017 3125 sonando
1033 3083 1152 3126 nomon
1171 3084 1224 3126 ao-

55 3171 150 3256 oapit,
177 3169 232 3255 qui
256 3169 371 3232 maiori
394 3169 468 3232 voni
492 3188 620 3250 novem,
645 3169 763 3232 minori
786 3190 863 3233 vero
896 3178 968 3233 outo
999 3191 1114 3255 passus
1149 3190 1225 3232 oon·

54 3277 172 3341 stituit:
209 3277 418 3340 semitonium
450 3283 560 3338 autam
584 3275 612 3338 8ο
635 3274 775 3359 ditonus,
801 3278 862 3341 etsi
897 3297 991 3340 voces
1015 3277 1049 3339 in
1077 3275 1224 3340 canendo

55 3384 266 3468 coniungunt,
285 3382 478 3448 divisionem
495 3390 606 3447 tamen
621 3382 747 3447 nullam
767 3384 801 3447 in
817 3382 1035 3448 monochordo
1051 3383 1223 3468 recipiunt.

520 3655 670 3767 onnus
689 3701 761 3766 uu

219 3934 265 3978 DE
288 3934 389 3979 MODIS
413 3933 569 3987 QUATUOR
592 3935 636 3978 ΕΤ
660 3934 919 3980 summamus
942 3935 1053 3981 VOOUM

98 4125 183 4192 Cum
206 4133 315 4190 autem
339 4132 464 4210 septam
487 4128 554 4192 sint
583 4149 688 4209 vocas,
722 4129 809 4212 quia,
832 4137 870 4192 ut
897 4129 1052 4210 diximus,
1075 4129 1158 4214 aliae,
1185 4129 1222 4194 id

53 4243 111 4316 ast,
136 4241 260 4298 octavas
284 4254 380 4298 voces
403 4243 480 4298 sunt
499 4234 631 4318 eaodem,
652 4244 803 4319 septenas
818 4236 938 4301 sufficit
957 4235 1135 4322 explicare,
1152 4260 1223 4323 quae

53 4339 258 4404 diversorum
282 4332 462 4424 modorum,
487 4341 515 4405 du
540 4341 745 4406 diversarum
764 4351 842 4407 sunt
865 4343 1071 4429 qualitatum.
1093 4344 1224 4409 Primus

53 4446 168 4512 modus
192 4468 310 4511 vocum
334 4457 393 4530 est,
418 4469 492 4512 oum
517 4470 583 4514 vox
606 4458 682 4513 tono
714 4448 898 4535 deponitur,
923 4449 950 4512 u
973 4449 1101 4514 tono&
1130 4452 1224 4514 semi-
