3120 5144
496 364 609 419 GUIDO
628 363 789 420 ruarmo
1180 365 1232 419 395

62 514 194 594 caeteris,
219 512 298 578 alios
322 511 529 598 ponderavit,
563 512 747 597 mirumque
771 512 805 576 in
833 510 964 575 modum
1001 511 1115 577 divino
1148 521 1232 577 nutu

61 620 182 706 primus
214 617 295 701 XII,
329 618 491 683 secundus
521 617 583 700 IX,
608 620 727 682 tertius
751 618 848 701 VIII,
873 627 1009 703 quartus
1033 618 1093 702 VI,
1122 621 1231 684 neseio

62 725 176 812 quibus
195 724 396 811 ponderibus
416 722 635 810 appendebat.
655 723 819 810 Cognovit
838 726 949 810 itaque
966 725 999 788 in
1019 747 1231 789 numerorum

60 835 264 919 proportione
289 843 312 900 n
335 830 509 896 oollatione
536 832 669 895 musione
693 832 817 896 versari
837 833 1020 895 seientiam.
1040 832 1123 896 Erat
1142 833 1230 896 enirn

60 961 92 1003 ea
115 940 308 1004 constitutio
331 939 366 1002 in
391 946 531 1024 quatuor
556 937 694 1019 malleis,
719 960 804 1024 quae
828 948 878 1002 est
902 938 996 1002 modo
1028 940 1062 1002 in
1091 947 1231 1024 quatuor

60 1044 176 1110 litteris
197 1043 329 1110 ADEa.
345 1045 498 1131 Denique
521 1046 549 1108 si
567 1043 612 1109 A.
632 1045 745 1129 gravis
765 1042 865 1109 habet
884 1044 954 1109 XII
974 1048 1151 1109 &nasuta
1170 1045 1231 1110 VI.

61 1161 144 1217 tenet
181 1174 215 1216 se
250 1161 348 1216 aeuta
384 1175 415 1215 a.
451 1173 524 1215 oum
560 1149 605 1215 A.
642 1153 738 1236 gravi
775 1151 995 1237 proportione,
1019 1174 1092 1237 quae
1127 1160 1175 1216 est
1197 1152 1232 1215 in

61 1259 265 1324 arithmetica
300 1259 410 1345 dupla,
440 1260 474 1322 in
509 1259 634 1323 musica
668 1268 778 1322 autem
813 1258 972 1343 diapason
1008 1259 1231 1323 consonantia.
1299 1331 1301 1335 .

62 1367 90 1430 D
112 1389 190 1431 vero
214 1367 335 1450 gravis,
359 1388 432 1450 quae
457 1376 506 1430 est
528 1365 643 1448 VIIII,
668 1386 742 1429 oum
766 1365 807 1428 E.
832 1365 928 1448 gravi
954 1364 1040 1450 quod
1064 1375 1114 1428 est
1145 1364 1231 1428 VIII

61 1482 144 1538 tenet
182 1496 215 1536 se
250 1474 468 1559 proportione,
502 1481 647 1558 quaeest
677 1473 711 1535 in
747 1471 956 1536 arithmetica
994 1474 1231 1558 sesquioctava,

60 1581 171 1663 idest,
198 1567 373 1667 epogdous,
398 1583 430 1645 in
456 1583 581 1646 musica
616 1591 726 1645 autem
762 1590 858 1645 tonos
893 1570 1116 1646 consonantia.
1147 1581 1232 1644 Item

61 1712 87 1753 a.
110 1696 210 1753 acuta
234 1710 308 1753 oum
333 1689 373 1752 Ε.
398 1688 504 1774 gravi,
529 1689 613 1752 siout
636 1689 680 1752 D.
704 1690 817 1772 gravis
841 1711 914 1752 eum
943 1687 987 1768 A,
1012 1690 1117 1773 gravi,
1143 1696 1233 1751 tenet

62 1816 89 1858 se
124 1796 344 1880 proportione,
370 1817 441 1880 quae
474 1802 524 1858 est
547 1795 581 1858 in
613 1794 823 1859 arithmetica
847 1795 1068 1880 sesquitertia,
1093 1796 1128 1858 in
1163 1817 1231 1858 mu-

62 1902 124 1965 sioa
161 1922 240 1966 vero
275 1900 479 1966 diatessaron
516 1898 739 1965 consonantia.
771 1901 856 1965 Item
884 1925 915 1965 a.
946 1909 1044 1966 aeuta
1079 1924 1153 1965 oum
1187 1904 1232 1967 D.

60 2009 162 2092 gravi,
187 2009 272 2072 siout
296 2008 338 2072 Ε.
362 2010 474 2093 gravis
497 2029 573 2071 eum
592 2006 636 2072 A.
653 2009 748 2092 gravi
768 2016 856 2072 tenet
872 2031 905 2071 se
925 2009 1143 2093 proportione,
1160 2030 1232 2092 quae

61 2124 106 2180 est
130 2117 165 2181 in
188 2115 398 2179 arithmetica
421 2114 644 2202 sesquialtera,
670 2116 704 2178 in
729 2116 855 2179 musioa
878 2137 955 2180 vero
980 2114 1133 2200 diapente
1158 2137 1231 2179 con·

61 2221 220 2286 sonantia.
244 2215 289 2284 Et
312 2223 339 2285 si
364 2220 408 2286 A.
433 2221 533 2286 habet
556 2221 668 2285 XII&
682 2223 717 2285 D
732 2221 784 2285 IX
808 2221 943 2284 ternarii
968 2243 1153 2308 propassus,
1173 2221 1232 2284 ha·

60 2325 148 2393 bebit
173 2326 204 2390 A
230 2329 265 2393 in
289 2328 360 2392 XII
388 2328 548 2393 ternarios
582 2337 733 2415 quatuor,
759 2332 787 2390 a
810 2328 854 2392 D.
878 2328 912 2391 in
936 2327 1043 2392 VIIII
1072 2328 1233 2391 ternarios

60 2446 133 2502 tres.
158 2437 285 2502 Rursus
309 2458 382 2501 oum
406 2436 528 2501 habeat
551 2435 595 2501 A.
619 2437 699 2519 XII,
716 2437 749 2497 ¹&
764 2439 939 2501 D.'teneat
961 2434 1068 2501 VIIII
1087 2436 1134 2518 (1)
1151 2455 1231 2521 qua·

61 2544 222 2608 ternarios
237 2564 352 2630 passus
367 2552 435 2607 tres
451 2541 589 2607 habebit
600 2541 643 2607 A.
660 2543 701 2606 E.
718 2564 796 2608 vero
809 2542 900 2626 duos,
916 2543 945 2603 &
958 2541 1113 2628 diapente
1130 2551 1233 2628 patet.

59 2648 131 2714 Sint
154 2651 275 2714 iterum
297 2649 367 2714 XII
384 2651 418 2713 in
434 2647 479 2713 A.
496 2649 525 2709 &
545 2650 595 2715 VI
614 2651 649 2713 in
665 2649 770 2714 altera
789 2649 987 2716 asenarius
1007 2648 1165 2713 medietas
1185 2660 1235 2713 est

59 2755 261 2838 duodenarii,
277 2757 362 2820 siout
373 2780 394 2820 a
410 2766 509 2821 aeuta
525 2755 662 2820 alterius
677 2755 721 2819 A.
739 2755 914 2820 medietate
935 2755 1109 2840 colligitur.
1129 2755 1235 2819 Adest

58 2886 134 2949 ergo
158 2862 324 2948 diapason.
349 2864 402 2928 Ita
426 2866 497 2949 ipsa
519 2861 563 2927 A.
584 2862 626 2927 ad
644 2866 689 2928 D.
710 2863 924 2945 diatessaron,
945 2863 988 2926 ad
1006 2863 1048 2926 Ε.
1068 2862 1232 2948 diapente,

57 2971 151 3034 alteri
181 2991 259 3034 vero
287 2993 307 3033 o
331 2970 490 3055 diapason
524 2969 643 3034 reddit.
669 2971 712 3038 D,
738 2992 867 3055 quoque
894 2969 937 3033 ad
971 2970 1013 3034 Ε.
1036 2978 1161 3052 tonum,
1191 2972 1233 3033 ad

58 3087 231 3162 utrumque
256 3075 299 3140 A.
323 3100 354 3145 u.
380 3077 583 3141 diatessaron
614 3086 673 3141 aut
696 3077 853 3161 diapente
877 3084 985 3141 sonat.
1008 3076 1054 3140 Et
1080 3077 1113 3139 Ε
1134 3077 1234 3140 etiam

57 3184 100 3248 ad
122 3186 167 3248 D.
192 3191 316 3268 tonum,
340 3185 473 3268 utrique
494 3183 536 3250 A.
556 3206 587 3246 a.
608 3183 764 3270 diapente
785 3183 837 3248 vel
856 3183 1059 3248 diatessaron
1080 3182 1232 3246 mandat:

58 3315 77 3354 n
99 3312 179 3355 vero
203 3300 300 3355 acuta
324 3313 400 3355 oum
423 3289 454 3353 A
477 3289 645 3376 diapason,
671 3313 746 3356 oum
770 3293 815 3356 D.
835 3291 997 3377 diapente,
1015 3312 1091 3354 oum
1103 3290 1144 3354 Ε.
1165 3289 1235 3352 dia·

58 3411 204 3464 tessaron
241 3406 346 3463 sonat.
371 3397 451 3478 Quae
476 3409 595 3464 ouuota
619 3400 654 3464 in
678 3400 879 3485 supradietis
912 3401 1057 3464 numeris
1087 3399 1235 3463 curiosus

58 3515 279 3592 perscrutator
302 3506 460 3570 inveniet.
484 3507 574 3571 Hine
594 3509 682 3572 enim
713 3507 874 3592 incipiens
907 3506 1042 3570 Boetius
1079 3504 1236 3592 panditor

58 3613 156 3677 huius
193 3613 286 3695 artis,
316 3610 455 3675 multam
490 3615 673 3700 miramque
703 3615 733 3676 &
765 3611 992 3677 diffieilIImam
1023 3611 1121 3674 huius
1155 3612 1235 3674 artis

57 3719 266 3784 concordiam
299 3740 374 3782 oum
405 3741 617 3785 numerorum
645 3721 855 3805 proportione
886 3717 1116 3782 demostravit.
1148 3715 1235 3796 Quid

59 3825 181 3912 plura?
206 3826 270 3889 Per
294 3824 501 3910 supradictas
535 3827 657 3912 speeies
677 3827 724 3910 (2)
748 3824 1004 3890 monochordum
1027 3825 1154 3910 primus
1182 3821 1236 3886 ille

58 3932 265 4020 Pythagoras
302 3933 498 4017 composuit,
536 3934 572 3997 in
606 3955 669 4018 quo
705 3934 784 4019 quia
817 3953 883 3996 non
920 3940 969 3994 est
1002 3930 1143 4014 lasciva,
1178 3930 1235 3993 sed

95 4298 135 4367 (1)
156 4297 248 4368 Lege:
270 4300 293 4359 A
311 4298 347 4351 E.
369 4301 460 4351 teneat
482 4296 567 4350 VIII.
919 4366 920 4370 ἵ

94 4388 138 4459 (2)
157 4386 182 4440 Il
201 4387 267 4442 Cod.
286 4387 351 4440 Vat.
373 4385 441 4438 1616
461 4383 624 4456 aggiunge:
643 4399 720 4438 voees
740 4383 885 4439 ordr'nons.
906 4383 956 4453 (N.
974 4381 1098 4454 deliri).
