3120 5144
317 360 371 415 408
748 359 861 416 omno
880 359 1042 414 automno

406 503 552 569 Motibus
576 503 628 568 his
652 508 786 569 cursum
808 502 909 568 faciet
932 505 1003 569 sine
1026 506 1153 569 musica
1177 504 1317 570 nullum.

343 611 422 687 ‚Est
445 609 572 696 aliquid
591 610 727 676 factum'
739 616 874 683 numero
898 611 1087 678 modulante
1109 610 1264 694 relatum,

361 718 466 804 quue
489 719 571 783 latet
594 718 699 784 fixum
723 727 815 805 patet
838 718 1040 783 intendendo
1063 720 1247 784 remissum.

363 829 408 910 (1)
428 827 489 891 Est
512 827 628 892 modus
651 827 695 892 ad
718 825 861 910 reliquos
884 825 1046 912 phthongi
1070 825 1201 890 collatio
1225 825 1429 913 phthongos.

362 934 455 998 Dant
477 934 596 999 collata
620 934 754 999 modum
779 932 912 997 sibimet
936 933 1127 998 discrimina
1149 955 1281 998 vocum.
1345 940 1348 944 ’

364 1041 473 1121 Quam
497 1049 592 1106 tonus
615 1040 645 1100 ἃ
668 1042 765 1105 semis
789 1041 937 1126 sequitur
960 1061 1026 1104 vox
1052 1050 1165 1126 protus
1188 1040 1341 1107 habetur.

363 1150 529 1213 Deuterus
552 1147 582 1206 8(
607 1151 702 1213 tritus
725 1148 805 1233 quid
829 1149 883 1229 sit,
907 1148 994 1232 sapit
1017 1147 1096 1212 ordo
1121 1150 1262 1214 vicinus.
1384 1230 1386 1232 .

363 1255 490 1341 Hisque
513 1264 590 1320 tono
613 1264 743 1319 tantum
766 1255 889 1341 placuit
913 1254 1044 1319 differre
1068 1256 1263 1339 tetrardum,
1305 1293 1307 1295 ·

364 1362 507 1426 Ditonus
531 1363 682 1426 &semis
706 1362 800 1448 cujus
823 1384 902 1426 mox
926 1363 999 1425 iura
1022 1371 1216 1448 sequuntur.

364 1469 493 1534 Musica
516 1492 583 1534 vox
605 1469 723 1533 horum
747 1468 840 1534 nulla
863 1477 912 1533 est
934 1471 1008 1560 sine
1030 1467 1103 1553 lege
1126 1469 1311 1535 modorum.

365 1574 454 1655 Quos
477 1584 608 1640 tantum
631 1575 751 1661 vulgus
774 1576 875 1640 sentit
894 1575 939 1639 de
962 1575 1027 1639 line
1051 1575 1214 1662 petulcus.

369 1683 416 1765 (2)
435 1680 585 1761 Quatuor
608 1681 758 1746 authenti
783 1681 898 1767 plagas
921 1684 1133 1767 geminantur
1156 1684 1282 1771 adepti,

365 1789 409 1852 Ni
433 1797 570 1873 quartus
595 1789 735 1874 simplex
760 1798 884 1874 septem
901 1788 1103 1853 discrimina
1126 1788 1253 1873 firmet3

367 1894 464 1959 Unde
489 1904 585 1979 poeta
608 1897 720 1960 canit:
745 1904 872 1982 septem
898 1894 1090 1960 discrimina
1113 1900 1243 1962 uocum.

367 2002 532 2087 Septimus
555 2011 670 2067 octavo
695 2003 809 2067 similis
833 2012 1035 2090 quapropter
1058 1993 1220 2069 adhaesit.

366 2109 422 2174 Ex
445 2108 563 2194 quibus
587 2109 739 2174 authenti
761 2132 864 2195 grave
887 2122 963 2175 sunt
986 2111 1163 2176 discrimen
1187 2111 1312 2199 adepti,

368 2217 453 2283 Cum
477 2216 583 2303 plagae
608 2232 704 2281 voces
728 2226 843 2281 tenues
867 2219 1065 2304 cupiantque
1088 2219 1242 2283 minores.

367 2325 408 2390 In
431 2323 551 2411 quibus
575 2323 617 2387 ad
641 2322 808 2388 modicum
833 2332 943 2389 tamen
967 2324 996 2383 ,ἃ
1020 2326 1149 2389 collatio
1174 2325 1286 2390 distat.

369 2431 458 2511 Quos
482 2432 509 2496 si
532 2430 617 2495 forte
640 2430 721 2495 duos
745 2431 803 2494 nni
828 2431 878 2495 vis
902 2429 1045 2495 scribere
1068 2433 1152 2514 voci,
1314 2436 1316 2443 '

369 2537 519 2617 Quatuor
542 2539 576 2601 in
601 2537 733 2623 reliquis
756 2539 935 2623 primatum
960 2537 1047 2602 delta
1068 2536 1229 2603 tenebunt
1245 2541 1306 2623 (3).

371 2645 418 2727 (4)
439 2644 663 2731 Enthymema
686 2666 781 2710 sonos
804 2643 930 2709 clandit
953 2647 1128 2731 signatque
1150 2655 1305 2711 remotos.

369 2744 579 2817 Concordant
601 2751 691 2816 flexu
715 2751 916 2816 diatessaron
940 2751 1057 2817 addita
1079 2774 1214 2835 nexum,

370 2858 550 2945 Comparat
574 2860 718 2923 intentos
742 2858 898 2945 diapente
921 2858 1039 2924 relatio
1062 2880 1204 2945 gressus.

369 2966 426 3030 Ius
451 2974 540 3030 tenet
563 2964 735 3029 ambarum
759 2966 903 3052 spatium
926 2965 1084 3052 diapason
1107 2966 1136 3025 &
1160 2965 1278 3032 harum

369 3072 486 3138 Refert
509 3072 645 3137 alterius
668 3094 744 3136 cum
768 3074 906 3158 suscipit
928 3072 1032 3137 altera
1055 3075 1145 3138 vices
1162 3073 1221 3158 (5),

373 3183 421 3265 (6)
439 3180 529 3260 Quas
551 3189 632 3245 tunc
655 3179 790 3244 alterius
812 3197 890 3244 cum
914 3181 1051 3266 suscipit
1074 3179 1179 3245 altera
1202 3182 1300 3264 vices,

371 3287 469 3353 Unde
493 3286 557 3351 dno
581 3288 713 3370 signum
737 3289 870 3351 variant
893 3285 965 3350 loca
989 3287 1082 3351 ouius
1098 3285 1261 3373 idipsum.

364 3532 408 3603 (1)
427 3529 480 3598 Qui
500 3531 716 3594 Oonssnusnnn,
729 3530 852 3585 secondo
865 3526 886 3583 il
898 3529 958 3584 cod.
974 3528 1022 3583 dal
1035 3527 1119 3600 quale
1133 3529 1172 3583 ha
1184 3527 1352 3599 pubblioato
1365 3529 1392 3585 lo
1405 3526 1490 3586 scritto

296 3654 299 3658 Δ
328 3639 400 3693 pone
419 3622 449 3677 lo
467 3625 605 3692 eegnente
623 3618 833 3676 intitolazione:
851 3651 866 3662 -
885 3620 1031 3676 Demadis
1050 3622 1100 3690 qui
1117 3621 1202 3692 culpo
1221 3621 1295 3690 tropi
1313 3620 1452 3676 dicantus.
1471 3679 1473 3685 ,

363 3712 404 3781 (2)
423 3710 638 3765 Goussnnsunn.
658 3710 702 3764 De
722 3709 858 3765 dianium
877 3709 1035 3764 Medorum.
1134 3744 1137 3747 ,

364 3800 406 3872 (3)
513 3799 555 3854 lo.
659 3799 698 3853 ha
717 3800 824 3854 tenebit.

366 3892 407 3962 (4)
515 3889 558 3943 Io.
663 3891 708 3944 De
728 3888 875 3945 eoncordia
893 3905 1031 3944 sonorum.
1095 3924 1097 3927 -
1159 3924 1161 3927 -

365 3980 406 4053 (5)
514 3978 560 4033 In.
663 3977 702 4033 ha
720 3978 802 4033 vires.

367 4071 405 4143 (6)
425 4070 532 4138 Questo
550 4086 631 4125 verso
649 4065 753 4124 manca
771 4066 801 4122 in
820 4067 1030 4135 Coossemnker.

757 4360 1076 4368 Ἦ*
